1971 2672
919 144 1074 201 <240)
1107 159 1261 174 --

198 267 324 313 catis;
349 262 556 319 superiore
592 260 696 302 facie
733 259 842 312 (Β.)
878 259 1025 300 medio
1060 258 1270 312 impress‘a‚
1304 255 1547 311 stellataque
1584 259 1705 299 costis
1732 271 1801 299 ro-

199 330 384 373 tundatis
422 328 558 379 denis,
593 339 669 380 per
705 325 819 379 paria
852 321 995 364 versus
1033 323 1212 377 angulos
1250 330 1467 363 truncatos
1497 322 1799 376 subparanelis,

197 393 437 438 extrorsum
482 387 848 436 craffescentibus5
899 385 1084 442 inferiore
1128 387 1235 428 facie
1269 386 1426 441 plana,
1477 398 1543 426 ore
1578 387 1620 425 in
1656 386 1800 427 medio

197 461 315 502 rimis
359 455 586 499 linearibus
633 452 792 493 disciffo
812 481 826 503 ‚
877 451 1041 493 stellato
1078 460 1122 492 et
1155 452 1208 493 ad
1242 460 1387 492 ortum
1420 451 1639 491 radiorum
1661 450 1799 502 fiffura

198 526 395 578 vtrinque
430 518 682 571 subobliqua
715 515 856 557 incisa.

390 624 515 667 Radii
564 621 847 677 proportione
897 619 1090 674 corporis
1127 618 1295 660 enormi
1331 616 1603 671 longitudine
1639 615 1690 656 ad
1731 625 1801 664 15.

197 693 378 752 pollices
417 699 459 730 et
493 687 601 729 vltra
637 685 811 739 explere
847 684 949 736 vifi,
988 692 1193 737 quantum
1229 681 1459 723 mensurari
1495 680 1571 721 filo
1607 689 1803 733 potuere,

198 751 603 800 tereti-filiformes
626 779 640 801 ‚
685 748 906 790 lentiffime
942 747 1191 800 adtenuati,
1238 745 1463 800 compofiti
1498 743 1679 785 articulis
1713 756 1803 783 cre-

198 819 394 863 berrimis
415 846 428 869 ‚
467 814 714 864 mustaceis,
753 811 894 864 osseis,
930 811 1191 853 consistentia
1225 819 1269 851 et
1304 809 1451 850 colore
1485 817 1533 849 vt
1565 809 1607 848 in
1643 807 1804 848 Asteria

196 882 416 927 Medusae.
486 877 653 931 Singuli
688 875 855 917 articuli
891 876 943 917 ad
977 875 1086 916 latus
1122 875 1187 916 ori
1221 873 1483 928 respondens
1518 872 1700 913 instruffti
1729 883 1805 924 pe-

199 946 396 990 dunculis
433 944 501 985 seu
526 940 640 994 stylis
675 940 787 981 binis
822 938 1057 982 mobilibus
1079 967 1094 992 ,
1144 938 1237 993 ipso
1273 937 1454 978 articulo
1489 938 1564 978 vix
1597 934 1806 990 longiori-

197 1012 295 1067 bus,
329 1006 652 1065 approximatis.

395 1093 517 1137 Color
534 1093 666 1135 totius
686 1090 784 1133 albo
803 1112 823 1121 -
841 1089 1091 1143 flauescens,
1113 1087 1374 1130 confistentia
1394 1086 1514 1140 dura,
1535 1085 1754 1127 crustacea.

960 1191 1038 1234 IX.

805 1265 966 1330 Lepas
1000 1261 1194 1316 cariosa.

696 1359 793 1401 Tab.
834 1360 905 1400 VI.
931 1359 1011 1412 fig.
1053 1370 1125 1409 24.
1161 1357 1213 1398 A.
1247 1356 1300 1397 Β.

393 1450 515 1491 Hanc
553 1447 695 1488 testam
730 1446 1009 1499 singularem,
1055 1444 1291 1484 admodum
1327 1443 1494 1483 craffam
1532 1441 1573 1481 in
1611 1442 1695 1481 hoc
1732 1452 1807 1492 ge·-

200 1528 301 1558 nere
338 1522 382 1554 et
415 1513 609 1562 solidam⁷
645 1523 667 1551 e
689 1508 845 1551 Curilis
883 1507 1026 1548 insulis
1064 1506 1223 1560 accepi.
1291 1505 1406 1545 Alba
1440 1505 1513 1555 est,
1550 1503 1809 1556 magnitudi-

201 1593 254 1622 ne
291 1579 433 1619 exafflz
455 1606 468 1628 .,
521 1588 648 1629 quam
684 1574 843 1627 figurae
880 1572 1160 1626 exprimunt,
1213 1568 1301 1622 (A.
1337 1581 1363 1607 α
1398 1568 1632 1626 superiore,
1668 1566 1719 1606 B.
1756 1565 1808 1605 ab

201 1643 406 1685 inferiore
444 1641 573 1682 latere
611 1637 898 1689 delineatae).
969 1635 1226 1677 Admodum
1262 1632 1447 1686 depreffa
1482 1631 1572 1681 est,
1616 1629 1806 1681 margine

203 1707 386 1749 ambitus
422 1713 686 1753 extenuato,
736 1701 939 1741 interiore
976 1701 1087 1740 circa
1122 1696 1337 1738 orificium
1375 1695 1539 1745 crasso,
1582 1693 1805 1744 inaequali.

204 1769 460 1824 Superficies
497 1767 687 1809 exterior
723 1761 1118 1808 sulcato-cariosa;
1155 1760 1334 1801 interior
1367 1758 1620 1813 inaequalis,
1657 1756 1806 1808 laeuis,

206 1833 504 1878 obsoletiffime
538 1832 582 1873 in
618 1830 795 1873 laminas
832 1829 1004 1871 coalitus
1040 1823 1209 1867 diuisae.

981 1923 1036 1965 X.

761 1994 938 2047 Pholas
971 1993 1019 2045 T
1022 1990 1231 2044 eredula.

655 2081 752 2124 Tab.
793 2081 863 2123 VI.
888 2081 969 2134 fig.
1010 2089 1082 2128 25.
1120 2075 1174 2117 A.
1213 2075 1270 2116 ad
1299 2073 1354 2115 D.

400 2173 449 2217 In
486 2173 632 2215 littore
668 2172 793 2214 maris
830 2167 1060 2225 germanici
1097 2167 1148 2208 ad
1183 2165 1383 2220 Belgium
1421 2159 1649 2215 aliquando
1669 2155 1807 2211 reperi

209 2237 384 2282 frustum
420 2239 526 2295 ligni
557 2238 767 2293 quercini,
801 2236 941 2280 adhuc
977 2233 1084 2275 bene
1111 2231 1221 2285 duri,
1260 2229 1378 2286 quod
1412 2223 1645 2268 innumeris
1682 2222 1807 2264 huius

1691 2285 1810 2326 Pho-
