<?xml version="1.0" encoding="UTF-8"?>
<!DOCTYPE html PUBLIC "-//W3C//DTD XHTML 1.0 Transitional//EN"
    "http://www.w3.org/TR/xhtml1/DTD/xhtml1-transitional.dtd">
<html xmlns="http://www.w3.org/1999/xhtml" xml:lang="en" lang="en">
 <head>
  <title>
</title>
<meta http-equiv="Content-Type" content="text/html;charset=utf-8" />
  <meta name='ocr-system' content='tesseract 3.04.00' />
  <meta name='ocr-capabilities' content='ocr_page ocr_carea ocr_par ocr_line ocrx_word'/>
</head>
<body>
  <div class='ocr_page' id='page_1' title='image "./novaactaacademia02impe_0358.png"; bbox 0 0 1971 2672; ppageno 0'>
   <div class='ocr_carea' id='block_1_1' title="bbox 743 185 895 193">
    <p class='ocr_par' dir='ltr' id='par_1_1' title="bbox 743 185 895 193">
     <span class='ocr_line' id='line_1_1' title="bbox 743 185 895 193; baseline 0 2479"><span class='ocrx_word' id='word_1_1' title='bbox 743 185 895 193; x_wconf 95' lang='lat' dir='ltr'> </span> 
     </span>
    </p>
   </div>
   <div class='ocr_carea' id='block_1_2' title="bbox 1117 188 1266 198">
    <p class='ocr_par' dir='ltr' id='par_1_2' title="bbox 1117 188 1266 198">
     <span class='ocr_line' id='line_1_2' title="bbox 1117 188 1266 198; baseline 0 2474"><span class='ocrx_word' id='word_1_2' title='bbox 1117 188 1266 198; x_wconf 95' lang='lat' dir='ltr'> </span> 
     </span>
    </p>
   </div>
   <div class='ocr_carea' id='block_1_3' title="bbox 741 153 1266 209">
    <p class='ocr_par' dir='ltr' id='par_1_3' title="bbox 741 153 1266 209">
     <span class='ocr_line' id='line_1_3' title="bbox 741 153 1266 209; baseline -0.013 -15"><span class='ocrx_word' id='word_1_3' title='bbox 741 169 895 183; x_wconf 91' lang='lat'>—-—</span> <span class='ocrx_word' id='word_1_4' title='bbox 928 153 1082 209; x_wconf 84' lang='lat'><strong>(236)</strong></span> <span class='ocrx_word' id='word_1_5' title='bbox 1116 173 1266 187; x_wconf 85' lang='lat'><em>...-</em></span> 
     </span>
    </p>
   </div>
   <div class='ocr_carea' id='block_1_4' title="bbox 200 265 1806 513">
    <p class='ocr_par' dir='ltr' id='par_1_4' title="bbox 200 265 1806 513">
     <span class='ocr_line' id='line_1_4' title="bbox 200 265 1804 323; baseline 0.003 -17"><span class='ocrx_word' id='word_1_6' title='bbox 200 266 372 307; x_wconf 79' lang='lat' dir='ltr'>verticis</span> <span class='ocrx_word' id='word_1_7' title='bbox 416 265 550 308; x_wconf 90' lang='lat' dir='ltr'>discus</span> <span class='ocrx_word' id='word_1_8' title='bbox 597 277 824 309; x_wconf 81' lang='lat' dir='ltr'>coronatus</span> <span class='ocrx_word' id='word_1_9' title='bbox 856 265 1025 320; x_wconf 80' lang='lat' dir='ltr'>paleolis</span> <span class='ocrx_word' id='word_1_10' title='bbox 1059 268 1194 309; x_wconf 85' lang='lat' dir='ltr'>aureis</span> <span class='ocrx_word' id='word_1_11' title='bbox 1231 266 1338 320; x_wconf 85' lang='lat' dir='ltr'><em>(fig.</em></span> <span class='ocrx_word' id='word_1_12' title='bbox 1380 278 1437 306; x_wconf 90' lang='lat'>20</span> <span class='ocrx_word' id='word_1_13' title='bbox 1458 266 1525 322; x_wconf 83' lang='lat'>*.)</span> <span class='ocrx_word' id='word_1_14' title='bbox 1563 269 1767 311; x_wconf 86' lang='lat' dir='ltr'>confertis</span> <span class='ocrx_word' id='word_1_15' title='bbox 1790 299 1804 323; x_wconf 78' lang='lat'>,</span> 
     </span>
     <span class='ocr_line' id='line_1_5' title="bbox 204 330 1803 386; baseline 0.003 -16"><span class='ocrx_word' id='word_1_16' title='bbox 204 330 395 371; x_wconf 81' lang='lat' dir='ltr'>bifariam</span> <span class='ocrx_word' id='word_1_17' title='bbox 432 331 659 385; x_wconf 72' lang='lat' dir='ltr'>dispositis,</span> <span class='ocrx_word' id='word_1_18' title='bbox 706 330 966 372; x_wconf 80' lang='lat' dir='ltr'><em>exterioribus</em></span> <span class='ocrx_word' id='word_1_19' title='bbox 999 331 1247 382; x_wconf 83' lang='lat' dir='ltr'>latioribus,</span> <span class='ocrx_word' id='word_1_20' title='bbox 1285 331 1417 371; x_wconf 83' lang='lat' dir='ltr'>acutis</span> <span class='ocrx_word' id='word_1_21' title='bbox 1454 332 1803 386; x_wconf 73' lang='lat' dir='ltr'>diuergentib1153</span> 
     </span>
     <span class='ocr_line' id='line_1_6' title="bbox 203 394 1804 450; baseline 0.002 -16"><span class='ocrx_word' id='word_1_22' title='bbox 203 394 453 437; x_wconf 68' lang='lat' dir='ltr'>interioribus</span> <span class='ocrx_word' id='word_1_23' title='bbox 495 395 722 436; x_wconf 83' lang='lat' dir='ltr'>introrsum</span> <span class='ocrx_word' id='word_1_24' title='bbox 766 404 809 435; x_wconf 91' lang='lat' dir='ltr'>et</span> <span class='ocrx_word' id='word_1_25' title='bbox 850 394 992 435; x_wconf 86' lang='lat' dir='ltr'>versus</span> <span class='ocrx_word' id='word_1_26' title='bbox 1037 395 1243 436; x_wconf 76' lang='lat' dir='ltr'>scissuram</span> <span class='ocrx_word' id='word_1_27' title='bbox 1283 395 1482 447; x_wconf 75' lang='lat' dir='ltr'>directis,</span> <span class='ocrx_word' id='word_1_28' title='bbox 1533 395 1804 450; x_wconf 83' lang='lat' dir='ltr'>longioribus</span> 
     </span>
     <span class='ocr_line' id='line_1_7' title="bbox 202 457 1806 513; baseline 0.002 -16"><span class='ocrx_word' id='word_1_29' title='bbox 202 457 388 501; x_wconf 86' lang='lat' dir='ltr'>setaceis.</span> <span class='ocrx_word' id='word_1_30' title='bbox 456 459 542 501; x_wconf 89' lang='lat' dir='ltr'>Sub</span> <span class='ocrx_word' id='word_1_31' title='bbox 580 473 738 501; x_wconf 82' lang='lat' dir='ltr'>corona</span> <span class='ocrx_word' id='word_1_32' title='bbox 772 459 1036 513; x_wconf 81' lang='lat' dir='ltr'>paleolarum</span> <span class='ocrx_word' id='word_1_33' title='bbox 1073 459 1287 500; x_wconf 85' lang='lat' dir='ltr'>exteriore</span> <span class='ocrx_word' id='word_1_34' title='bbox 1321 457 1465 499; x_wconf 82' lang='lat' dir='ltr'>limbus</span> <span class='ocrx_word' id='word_1_35' title='bbox 1501 472 1675 500; x_wconf 82' lang='lat' dir='ltr'>carneus</span> <span class='ocrx_word' id='word_1_36' title='bbox 1715 459 1806 501; x_wconf 64' lang='lat' dir='ltr'>cre‘·</span> 
     </span>
    </p>
   </div>
   <div class='ocr_carea' id='block_1_5' title="bbox 203 522 719 579">
    <p class='ocr_par' dir='ltr' id='par_1_5' title="bbox 203 522 719 579">
     <span class='ocr_line' id='line_1_8' title="bbox 203 522 719 579; baseline 0.004 -16"><span class='ocrx_word' id='word_1_37' title='bbox 203 533 324 564; x_wconf 80' lang='lat' dir='ltr'>natus</span> <span class='ocrx_word' id='word_1_38' title='bbox 361 522 467 577; x_wconf 85' lang='lat' dir='ltr'><em>(fig.</em></span> <span class='ocrx_word' id='word_1_39' title='bbox 508 537 579 564; x_wconf 83' lang='lat'>20.</span> <span class='ocrx_word' id='word_1_40' title='bbox 613 523 719 579; x_wconf 61' lang='lat' dir='ltr'>R).</span> 
     </span>
    </p>
   </div>
   <div class='ocr_carea' id='block_1_6' title="bbox 204 649 1808 770">
    <p class='ocr_par' dir='ltr' id='par_1_6' title="bbox 204 649 1808 770">
     <span class='ocr_line' id='line_1_9' title="bbox 400 649 1808 704; baseline 0 -13"><span class='ocrx_word' id='word_1_41' title='bbox 400 649 459 691; x_wconf 85' lang='lat' dir='ltr'>Os</span> <span class='ocrx_word' id='word_1_42' title='bbox 494 651 601 693; x_wconf 84' lang='lat' dir='ltr'>infra</span> <span class='ocrx_word' id='word_1_43' title='bbox 635 650 844 693; x_wconf 78' lang='lat' dir='ltr'>scissuram</span> <span class='ocrx_word' id='word_1_44' title='bbox 877 649 946 691; x_wconf 87' lang='lat' dir='ltr'>seu</span> <span class='ocrx_word' id='word_1_45' title='bbox 968 650 1101 691; x_wconf 89' lang='lat' dir='ltr'>finum</span> <span class='ocrx_word' id='word_1_46' title='bbox 1124 651 1289 703; x_wconf 78' lang='lat' dir='ltr'>capitis,</span> <span class='ocrx_word' id='word_1_47' title='bbox 1316 649 1684 704; x_wconf 82' lang='lat' dir='ltr'>longitudinaliter</span> <span class='ocrx_word' id='word_1_48' title='bbox 1704 663 1808 691; x_wconf 87' lang='lat' dir='ltr'>con·-</span> 
     </span>
     <span class='ocr_line' id='line_1_10' title="bbox 204 713 1652 770; baseline -0.001 -15"><span class='ocrx_word' id='word_1_49' title='bbox 204 713 371 769; x_wconf 78' lang='lat' dir='ltr'>niuens,</span> <span class='ocrx_word' id='word_1_50' title='bbox 406 715 565 770; x_wconf 90' lang='lat' dir='ltr'>postice</span> <span class='ocrx_word' id='word_1_51' title='bbox 602 717 786 757; x_wconf 69' lang='lat' dir='ltr'>cinctum</span> <span class='ocrx_word' id='word_1_52' title='bbox 821 727 925 768; x_wconf 80' lang='lat' dir='ltr'>ruga</span> <span class='ocrx_word' id='word_1_53' title='bbox 961 715 1277 768; x_wconf 77' lang='lat' dir='ltr'>semicirculari‚</span> <span class='ocrx_word' id='word_1_54' title='bbox 1315 713 1652 769; x_wconf 63' lang='lat' dir='ltr'>erenum-(R).</span> 
     </span>
    </p>
   </div>
   <div class='ocr_carea' id='block_1_7' title="bbox 202 840 1809 1023">
    <p class='ocr_par' dir='ltr' id='par_1_7' title="bbox 202 840 1809 1023">
     <span class='ocr_line' id='line_1_11' title="bbox 396 840 1808 897; baseline 0.002 -17"><span class='ocrx_word' id='word_1_55' title='bbox 396 841 558 882; x_wconf 86' lang='lat' dir='ltr'>Postica</span> <span class='ocrx_word' id='word_1_56' title='bbox 595 843 788 897; x_wconf 86' lang='lat' dir='ltr'>corporis</span> <span class='ocrx_word' id='word_1_57' title='bbox 824 855 918 896; x_wconf 86' lang='lat' dir='ltr'>pars</span> <span class='ocrx_word' id='word_1_58' title='bbox 955 842 1158 895; x_wconf 65' lang='lat' dir='ltr'>producta</span> <span class='ocrx_word' id='word_1_59' title='bbox 1193 842 1364 895; x_wconf 80' lang='lat' dir='ltr'>intestino</span> <span class='ocrx_word' id='word_1_60' title='bbox 1401 841 1640 894; x_wconf 90' lang='lat' dir='ltr'>cylindrico</span> <span class='ocrx_word' id='word_1_61' title='bbox 1663 872 1674 892; x_wconf 90' lang='lat'>,</span> <span class='ocrx_word' id='word_1_62' title='bbox 1721 840 1808 884; x_wconf 87' lang='lat' dir='ltr'>fere</span> 
     </span>
     <span class='ocr_line' id='line_1_12' title="bbox 202 903 1809 960; baseline 0.002 -17"><span class='ocrx_word' id='word_1_63' title='bbox 202 903 423 957; x_wconf 73' lang='lat' dir='ltr'>pollicari,</span> <span class='ocrx_word' id='word_1_64' title='bbox 458 916 686 957; x_wconf 73' lang='lat' dir='ltr'>contorto,</span> <span class='ocrx_word' id='word_1_65' title='bbox 723 907 868 960; x_wconf 75' lang='lat' dir='ltr'>quod,</span> <span class='ocrx_word' id='word_1_66' title='bbox 902 904 1049 946; x_wconf 83' lang='lat' dir='ltr'>saltem</span> <span class='ocrx_word' id='word_1_67' title='bbox 1085 918 1141 945; x_wconf 86' lang='lat' dir='ltr'>ex</span> <span class='ocrx_word' id='word_1_68' title='bbox 1173 914 1310 959; x_wconf 81' lang='lat' dir='ltr'>parte,</span> <span class='ocrx_word' id='word_1_69' title='bbox 1346 907 1592 947; x_wconf 83' lang='lat' dir='ltr'>naturaliter</span> <span class='ocrx_word' id='word_1_70' title='bbox 1627 907 1671 946; x_wconf 88' lang='lat' dir='ltr'>in</span> <span class='ocrx_word' id='word_1_71' title='bbox 1704 907 1809 948; x_wconf 82' lang='lat' dir='ltr'>viuo</span> 
     </span>
     <span class='ocr_line' id='line_1_13' title="bbox 207 969 1148 1023; baseline 0 -15"><span class='ocrx_word' id='word_1_72' title='bbox 207 981 381 1023; x_wconf 89' lang='lat' dir='ltr'>quoque</span> <span class='ocrx_word' id='word_1_73' title='bbox 417 982 563 1010; x_wconf 79' lang='lat' dir='ltr'>verme</span> <span class='ocrx_word' id='word_1_74' title='bbox 599 969 814 1011; x_wconf 81' lang='lat' dir='ltr'>exsertum</span> <span class='ocrx_word' id='word_1_75' title='bbox 848 970 928 1010; x_wconf 86' lang='lat' dir='ltr'>effe</span> <span class='ocrx_word' id='word_1_76' title='bbox 963 970 1148 1010; x_wconf 87' lang='lat' dir='ltr'>videtur.</span> 
     </span>
    </p>
   </div>
   <div class='ocr_carea' id='block_1_8' title="bbox 205 1094 1809 1215">
    <p class='ocr_par' dir='ltr' id='par_1_8' title="bbox 205 1094 1809 1215">
     <span class='ocr_line' id='line_1_14' title="bbox 398 1094 1809 1152; baseline 0.001 -16"><span class='ocrx_word' id='word_1_77' title='bbox 398 1094 617 1151; x_wconf 66' lang='lat' dir='ltr'>Longsmdo</span> <span class='ocrx_word' id='word_1_78' title='bbox 650 1099 837 1152; x_wconf 77' lang='lat' dir='ltr'>vermis,</span> <span class='ocrx_word' id='word_1_79' title='bbox 875 1109 1005 1152; x_wconf 84' lang='lat' dir='ltr'>quem</span> <span class='ocrx_word' id='word_1_80' title='bbox 1041 1095 1264 1151; x_wconf 81' lang='lat' dir='ltr'>descripsi,</span> <span class='ocrx_word' id='word_1_81' title='bbox 1298 1104 1388 1137; x_wconf 81' lang='lat' dir='ltr'>erat</span> <span class='ocrx_word' id='word_1_82' title='bbox 1422 1104 1605 1151; x_wconf 86' lang='lat' dir='ltr'>quatuor</span> <span class='ocrx_word' id='word_1_83' title='bbox 1640 1097 1809 1138; x_wconf 80' lang='lat' dir='ltr'>circiter</span> 
     </span>
     <span class='ocr_line' id='line_1_15' title="bbox 205 1158 433 1215; baseline 0.004 -15"><span class='ocrx_word' id='word_1_84' title='bbox 205 1158 433 1215; x_wconf 84' lang='lat' dir='ltr'>pollicum.</span> 
     </span>
    </p>
   </div>
   <div class='ocr_carea' id='block_1_9' title="bbox 771 1253 1245 1390">
    <p class='ocr_par' dir='ltr' id='par_1_9' title="bbox 771 1253 1245 1390">
     <span class='ocr_line' id='line_1_16' title="bbox 771 1253 1245 1390; baseline -0.015 -14"><span class='ocrx_word' id='word_1_85' title='bbox 771 1253 1245 1390; x_wconf 61' lang='lat' dir='ltr'>Serpulavslliuillum.</span> 
     </span>
    </p>
   </div>
   <div class='ocr_carea' id='block_1_10' title="bbox 801 1427 1211 1482">
    <p class='ocr_par' dir='ltr' id='par_1_10' title="bbox 801 1427 1211 1482">
     <span class='ocr_line' id='line_1_17' title="bbox 801 1427 1211 1482; baseline -0.007 -12"><span class='ocrx_word' id='word_1_86' title='bbox 801 1428 899 1470; x_wconf 79' lang='lat' dir='ltr'>Tah.</span> <span class='ocrx_word' id='word_1_87' title='bbox 939 1427 986 1468; x_wconf 89' lang='lat' dir='ltr'>V.</span> <span class='ocrx_word' id='word_1_88' title='bbox 1018 1428 1098 1482; x_wconf 82' lang='lat' dir='ltr'>fig.</span> <span class='ocrx_word' id='word_1_89' title='bbox 1139 1441 1211 1467; x_wconf 88' lang='lat'>21.</span> 
     </span>
    </p>
   </div>
   <div class='ocr_carea' id='block_1_11' title="bbox 211 1549 1816 1801">
    <p class='ocr_par' dir='ltr' id='par_1_11' title="bbox 211 1549 1816 1801">
     <span class='ocr_line' id='line_1_18' title="bbox 405 1549 1816 1610; baseline -0.006 -11"><span class='ocrx_word' id='word_1_90' title='bbox 405 1556 604 1610; x_wconf 83' lang='lat' dir='ltr'>Vulgaris</span> <span class='ocrx_word' id='word_1_91' title='bbox 649 1557 751 1598; x_wconf 84' lang='lat' dir='ltr'>haec</span> <span class='ocrx_word' id='word_1_92' title='bbox 797 1556 839 1596; x_wconf 90' lang='lat' dir='ltr'>in</span> <span class='ocrx_word' id='word_1_93' title='bbox 874 1555 992 1596; x_wconf 87' lang='lat' dir='ltr'>Fuco</span> <span class='ocrx_word' id='word_1_94' title='bbox 1029 1551 1264 1595; x_wconf 85' lang='lat' dir='ltr'>vesiculoso</span> <span class='ocrx_word' id='word_1_95' title='bbox 1299 1552 1425 1592; x_wconf 78' lang='lat' dir='ltr'>maris</span> <span class='ocrx_word' id='word_1_96' title='bbox 1463 1549 1695 1604; x_wconf 74' lang='lat' dir='ltr'>germanici</span> <span class='ocrx_word' id='word_1_97' title='bbox 1732 1550 1816 1590; x_wconf 78' lang='lat' dir='ltr'>ser·</span> 
     </span>
     <span class='ocr_line' id='line_1_19' title="bbox 211 1614 1813 1674; baseline -0.005 -14"><span class='ocrx_word' id='word_1_98' title='bbox 211 1621 327 1673; x_wconf 70' lang='lat' dir='ltr'>pula,</span> <span class='ocrx_word' id='word_1_99' title='bbox 365 1622 505 1674; x_wconf 82' lang='lat' dir='ltr'>quoad</span> <span class='ocrx_word' id='word_1_100' title='bbox 543 1621 684 1662; x_wconf 87' lang='lat' dir='ltr'>testam</span> <span class='ocrx_word' id='word_1_101' title='bbox 720 1620 944 1669; x_wconf 75' lang='lat' dir='ltr'>notissima,</span> <span class='ocrx_word' id='word_1_102' title='bbox 979 1627 1165 1659; x_wconf 87' lang='lat' dir='ltr'>meretur</span> <span class='ocrx_word' id='word_1_103' title='bbox 1198 1616 1327 1657; x_wconf 88' lang='lat' dir='ltr'>etiam</span> <span class='ocrx_word' id='word_1_104' title='bbox 1363 1615 1448 1668; x_wconf 85' lang='lat' dir='ltr'>ipsa</span> <span class='ocrx_word' id='word_1_105' title='bbox 1470 1614 1664 1662; x_wconf 67' lang='lat' dir='ltr'>describi,</span> <span class='ocrx_word' id='word_1_106' title='bbox 1692 1615 1813 1667; x_wconf 86' lang='lat' dir='ltr'>quip-</span> 
     </span>
     <span class='ocr_line' id='line_1_20' title="bbox 211 1677 1810 1738; baseline -0.004 -14"><span class='ocrx_word' id='word_1_107' title='bbox 211 1697 265 1737; x_wconf 88' lang='lat' dir='ltr'>pe</span> <span class='ocrx_word' id='word_1_108' title='bbox 318 1685 627 1738; x_wconf 76' lang='lat' dir='ltr'>elegantiffima.</span> <span class='ocrx_word' id='word_1_109' title='bbox 716 1683 951 1725; x_wconf 80' lang='lat' dir='ltr'>Obseruaui</span> <span class='ocrx_word' id='word_1_110' title='bbox 994 1683 1137 1724; x_wconf 85' lang='lat' dir='ltr'>vinam</span> <span class='ocrx_word' id='word_1_111' title='bbox 1180 1692 1291 1720; x_wconf 89' lang='lat' dir='ltr'>anno</span> <span class='ocrx_word' id='word_1_112' title='bbox 1342 1681 1494 1730; x_wconf 83' lang='lat'>1767,</span> <span class='ocrx_word' id='word_1_113' title='bbox 1548 1678 1598 1717; x_wconf 88' lang='lat' dir='ltr'>ad</span> <span class='ocrx_word' id='word_1_114' title='bbox 1643 1677 1810 1718; x_wconf 77' lang='lat' dir='ltr'>Trauac</span> 
     </span>
     <span class='ocr_line' id='line_1_21' title="bbox 213 1743 1617 1801; baseline -0.005 -14"><span class='ocrx_word' id='word_1_115' title='bbox 213 1748 364 1788; x_wconf 89' lang='lat' dir='ltr'>ostium</span> <span class='ocrx_word' id='word_1_116' title='bbox 400 1749 574 1790; x_wconf 85' lang='lat' dir='ltr'>aduerso</span> <span class='ocrx_word' id='word_1_117' title='bbox 612 1759 741 1790; x_wconf 89' lang='lat' dir='ltr'>vento</span> <span class='ocrx_word' id='word_1_118' title='bbox 777 1759 985 1799; x_wconf 84' lang='lat' dir='ltr'>retentus,</span> <span class='ocrx_word' id='word_1_119' title='bbox 1024 1757 1156 1801; x_wconf 85' lang='lat' dir='ltr'>quum</span> <span class='ocrx_word' id='word_1_120' title='bbox 1191 1743 1373 1784; x_wconf 79' lang='lat' dir='ltr'>Rosiiam</span> <span class='ocrx_word' id='word_1_121' title='bbox 1408 1752 1617 1797; x_wconf 87' lang='lat' dir='ltr'>peterem.</span> 
     </span>
    </p>
   </div>
   <div class='ocr_carea' id='block_1_12' title="bbox 216 1867 1814 1995">
    <p class='ocr_par' dir='ltr' id='par_1_12' title="bbox 216 1867 1814 1995">
     <span class='ocr_line' id='line_1_22' title="bbox 408 1867 1814 1923; baseline -0.006 -8"><span class='ocrx_word' id='word_1_122' title='bbox 408 1874 696 1916; x_wconf 72' lang='lat' dir='ltr'>Animalcztlmn</span> <span class='ocrx_word' id='word_1_123' title='bbox 732 1878 838 1917; x_wconf 83' lang='lat' dir='ltr'>intra</span> <span class='ocrx_word' id='word_1_124' title='bbox 873 1875 1024 1916; x_wconf 86' lang='lat' dir='ltr'>tubum</span> <span class='ocrx_word' id='word_1_125' title='bbox 1058 1870 1434 1923; x_wconf 85' lang='lat' dir='ltr'>lumbriciforme‚</span> <span class='ocrx_word' id='word_1_126' title='bbox 1490 1867 1777 1911; x_wconf 86' lang='lat' dir='ltr'>rubicundum</span> <span class='ocrx_word' id='word_1_127' title='bbox 1799 1895 1814 1919; x_wconf 80' lang='lat'>‚</span> 
     </span>
     <span class='ocr_line' id='line_1_23' title="bbox 216 1938 847 1995; baseline 0.003 -17"><span class='ocrx_word' id='word_1_128' title='bbox 216 1938 354 1978; x_wconf 85' lang='lat' dir='ltr'>antice</span> <span class='ocrx_word' id='word_1_129' title='bbox 391 1947 629 1980; x_wconf 86' lang='lat' dir='ltr'>truncatum</span> <span class='ocrx_word' id='word_1_130' title='bbox 666 1941 729 1994; x_wconf 73' lang='lat' dir='ltr'>(A</span> <span class='ocrx_word' id='word_1_131' title='bbox 752 1945 847 1995; x_wconf 59' lang='lat' dir='ltr'>a).</span> 
     </span>
    </p>
   </div>
   <div class='ocr_carea' id='block_1_13' title="bbox 218 2057 1817 2184">
    <p class='ocr_par' dir='ltr' id='par_1_13' title="bbox 218 2057 1817 2184">
     <span class='ocr_line' id='line_1_24' title="bbox 410 2057 1817 2120; baseline -0.006 -13"><span class='ocrx_word' id='word_1_132' title='bbox 410 2065 637 2108; x_wconf 70' lang='lat' dir='ltr'>Branchicze</span> <span class='ocrx_word' id='word_1_133' title='bbox 672 2069 769 2108; x_wconf 61' lang='lat' dir='ltr'>osto</span> <span class='ocrx_word' id='word_1_134' title='bbox 791 2095 802 2116; x_wconf 78' lang='grc'>.,</span> <span class='ocrx_word' id='word_1_135' title='bbox 841 2066 890 2106; x_wconf 75' lang='lat' dir='ltr'>ab</span> <span class='ocrx_word' id='word_1_136' title='bbox 925 2076 1109 2120; x_wconf 74' lang='lat' dir='ltr'>Vtroque</span> <span class='ocrx_word' id='word_1_137' title='bbox 1146 2063 1305 2105; x_wconf 84' lang='lat' dir='ltr'>scilicet</span> <span class='ocrx_word' id='word_1_138' title='bbox 1338 2062 1470 2104; x_wconf 74' lang='lat' dir='ltr'>latere</span> <span class='ocrx_word' id='word_1_139' title='bbox 1509 2068 1718 2115; x_wconf 83' lang='lat' dir='ltr'>quatuor,</span> <span class='ocrx_word' id='word_1_140' title='bbox 1759 2057 1817 2099; x_wconf 87' lang='lat' dir='ltr'>ci·-</span> 
     </span>
     <span class='ocr_line' id='line_1_25' title="bbox 218 2124 1816 2184; baseline -0.004 -15"><span class='ocrx_word' id='word_1_141' title='bbox 218 2128 340 2170; x_wconf 89' lang='lat' dir='ltr'>liatae</span> <span class='ocrx_word' id='word_1_142' title='bbox 376 2130 443 2172; x_wconf 87' lang='lat' dir='ltr'>sen</span> <span class='ocrx_word' id='word_1_143' title='bbox 481 2132 674 2184; x_wconf 76' lang='lat' dir='ltr'>pinnatae</span> <span class='ocrx_word' id='word_1_144' title='bbox 712 2132 791 2172; x_wconf 83' lang='lat' dir='ltr'>filis</span> <span class='ocrx_word' id='word_1_145' title='bbox 827 2131 1023 2183; x_wconf 74' lang='lat' dir='ltr'>vti-inque</span> <span class='ocrx_word' id='word_1_146' title='bbox 1060 2129 1226 2170; x_wconf 81' lang='lat' dir='ltr'>circiter</span> <span class='ocrx_word' id='word_1_147' title='bbox 1262 2127 1498 2179; x_wconf 82' lang='lat' dir='ltr'>duodenis,</span> <span class='ocrx_word' id='word_1_148' title='bbox 1535 2124 1816 2175; x_wconf 81' lang='lat' dir='ltr'>tenerrimae,</span> 
     </span>
    </p>
   </div>
   <div class='ocr_carea' id='block_1_14' title="bbox 220 2190 1404 2248">
    <p class='ocr_par' dir='ltr' id='par_1_14' title="bbox 220 2190 1404 2248">
     <span class='ocr_line' id='line_1_26' title="bbox 220 2190 1404 2248; baseline -0.001 -16"><span class='ocrx_word' id='word_1_149' title='bbox 220 2193 540 2237; x_wconf 81' lang='lat' dir='ltr'>subrecurnatae</span> <span class='ocrx_word' id='word_1_150' title='bbox 576 2197 646 2238; x_wconf 90' lang='lat' dir='ltr'>vbi</span> <span class='ocrx_word' id='word_1_151' title='bbox 682 2195 835 2238; x_wconf 81' lang='lat' dir='ltr'>animal</span> <span class='ocrx_word' id='word_1_152' title='bbox 869 2194 960 2235; x_wconf 84' lang='lat' dir='ltr'>illas</span> <span class='ocrx_word' id='word_1_153' title='bbox 998 2194 1150 2236; x_wconf 79' lang='lat' dir='ltr'>exserit</span> <span class='ocrx_word' id='word_1_154' title='bbox 1185 2191 1264 2248; x_wconf 83' lang='lat' dir='ltr'>(A.</span> <span class='ocrx_word' id='word_1_155' title='bbox 1298 2190 1404 2245; x_wconf 74' lang='lat' dir='ltr'>B.)-</span> 
     </span>
    </p>
   </div>
   <div class='ocr_carea' id='block_1_15' title="bbox 1757 2309 1816 2352">
    <p class='ocr_par' dir='ltr' id='par_1_15' title="bbox 1757 2309 1816 2352">
     <span class='ocr_line' id='line_1_27' title="bbox 1757 2309 1816 2352; baseline 0.017 -1"><span class='ocrx_word' id='word_1_156' title='bbox 1757 2309 1816 2352; x_wconf 84' lang='lat' dir='ltr'>Os</span> 
     </span>
    </p>
   </div>
  </div>
 </body>
</html>
