1971 2672
272 290 316 326 9.

757 177 908 189 .-
943 162 1098 217 (218)
1132 176 1284 189 ...-

365 286 435 313 10.
483 286 553 314 11.
590 273 741 316 Portio
777 275 994 329 singul-iris
1032 287 1180 315 carnea
1216 275 1258 315 in
1295 275 1378 316 hoc
1418 275 1579 327 corde,
1615 289 1723 331 quae
1760 276 1825 316 vi-

408 339 532 380 detur
567 340 616 380 ad
649 341 865 381 vaorticum
901 337 1124 380 referenda
1158 340 1271 390 effe,
1315 350 1409 382 orta
1446 339 1496 380 ab
1534 350 1681 392 aona,
1726 354 1827 395 pro-

406 404 527 445 duc'ia
563 404 613 445 ad
652 404 887 458 marginem
924 403 1155 457 bafilarem,
1196 405 1389 445 adiunsta
1424 403 1589 445 aortico
1625 406 1795 447 maiori.

276 493 319 530 9.
356 479 626 534 Principium
662 480 787 521 huius
823 481 1036 534 portionis
1073 480 1124 521 ab
1160 490 1290 522 aorta.

280 569 351 597 10.

282 648 351 675 11.

282 726 351 752 12.

280 931 297 956 1
312 930 352 967 3,.

279 1137 351 1176 14.

279 1213 350 1252 15.

280 1356 351 1393 15.

280 1486 350 1523 16.

388 556 539 598 Portio
576 557 665 598 eius
702 559 844 598 minor
879 557 929 599 ad
965 558 1176 623 apr-ticum
1212 559 1422 599 maiorem
1458 557 1682 612 applicata.

389 634 497 676 Eius
536 637 823 687 continuatio,
863 649 942 690 qua
977 645 1066 678 tota
1101 637 1245 690 portio
1282 638 1392 678 circa
1428 649 1588 677 conum
1625 636 1821 678 fled'titur.

390 712 542 754 Portio
582 727 733 754 carnea
767 713 808 754 in
847 712 932 754 hoc
969 715 1126 766 corde,
1165 728 1246 768 qua
1282 715 1468 756 aorticus
1505 715 1647 756 minor
1684 714 1824 767 (14.)

408 789 508 816 cum
545 778 749 831 portione
786 778 1053 819 circumflexi
1088 780 1132 819 in
1168 779 1252 820 hoc
1299 780 1428 821 corde
1483 779 1592 833 (9.)
1646 779 1825 820 coniun-

403 849 534 894 gitur.

389 917 612 969 Foueohx,
651 930 775 971 quam
812 917 1093 972 longiorem,
1129 919 1290 961 fissurae
1325 921 1479 974 instar,
1515 920 1556 961 in
1594 921 1685 962 aliis
1727 934 1823 962 cor-

406 982 529 1023 dibus
586 982 849 1036 frequentius
903 984 1026 1036 vidi,
1082 992 1125 1024 et
1171 998 1278 1039 quae
1321 985 1535 1026 ramulum
1589 986 1638 1027 ab
1675 987 1823 1027 arteria

408 1047 630 1089 coronaria
665 1047 855 1102 recipcre
892 1047 1011 1088 solet.

387 1124 595 1165 Aorticus
632 1124 775 1165 minor
810 1124 1156 1167 constantiffimus
1194 1126 1338 1180 (Tab.
1376 1126 1433 1167 ΙΙ.
1476 1126 1600 1180 12.).

393 1204 462 1241 16.
507 1214 578 1254 17.
623 1211 694 1245 18.
763 1201 970 1243 Aorticus
1007 1204 1169 1256 maior⁷
1221 1217 1356 1258 aeque
1394 1204 1601 1245 constans.
1673 1202 1818 1258 (Tab.

406 1265 463 1306 II.
506 1278 575 1315 13.
618 1279 688 1318 13.
731 1279 801 1316 14.
844 1280 915 1316 15.
958 1271 1027 1306 16.
1071 1270 1199 1321 16.).

388 1344 494 1385 Eius
547 1344 807 1397 principium
866 1345 916 1384 ab
961 1345 1118 1398 angulo
1165 1344 1266 1384 bafis
1303 1355 1446 1386 aortae
1483 1347 1635 1385 dextro
1674 1343 1816 1396 (Tab.

404 1408 462 1448 ΙΙ.
507 1408 632 1460 13.).

394 1497 464 1536 17.
511 1483 745 1523 Terminus
782 1484 892 1524 inter
927 1496 1024 1524 eum
1064 1483 1307 1524 musculum
1343 1493 1386 1523 et
1423 1481 1594 1523 fasciam
1629 1483 1819 1522 infundi-

404 1547 494 1588 buli
549 1560 744 1601 magnam
796 1548 838 1587 in
889 1548 1104 1602 principio
1156 1546 1293 1601 (16.)
1341 1556 1383 1586 et
1432 1547 1622 1600 margine
1660 1545 1818 1587 bafilari

405 1611 569 1665 (17·)·

340 1720 349 1729 .
387 1691 623 1731 Terminus
677 1693 787 1732 inter
837 1691 1048 1732 aorticum
1092 1689 1162 1731 seu
1206 1690 1531 1731 circumflexum
1566 1688 1818 1729 inferiorem

406 1764 450 1795 et
486 1757 764 1809 superiorem.

341 1859 349 1868 .
392 1843 463 1869 20.
507 1834 575 1870 16.
620 1845 689 1884 17.
737 1833 888 1874 Portio
934 1830 1115 1873 bafilaris
1153 1830 1306 1872 fasciae
1342 1844 1518 1885 maguae
1554 1829 1815 1871 infundibuli

405 1894 548 1947 (Tab.
586 1896 640 1935 ΙΙ.
686 1910 755 1949 17.
798 1901 867 1936 16.
911 1910 980 1950 17.
1024 1895 1153 1949 17.).

341 2003 350 2012 .
392 1985 463 2011 20.
511 1972 744 2015 Terminus
790 1977 899 2015 inter
944 1975 1113 2015 fasciam
1159 1972 1418 2014 infundibuli
1453 1982 1496 2014 et
1532 1969 1705 2014 fasciam
1741 1986 1814 2014 an-

405 2037 593 2091 gularem
631 2041 671 2078 in
711 2040 786 2079 hac
825 2048 941 2094 parte
979 2038 1152 2079 basil-ari.

340 2144 349 2153 .
386 2113 536 2156 Portio
573 2115 752 2163 bafilaris
790 2117 990 2157 fibrarum
1026 2116 1289 2170 angularium
1311 2116 1393 2157 fiue
1415 2115 1560 2156 fasciae
1585 2115 1809 2169 angularis.

339 2224 348 2233 .
387 2192 525 2235 Crena
573 2195 789 2248 bafflaris,
845 2208 970 2248 quam
1017 2208 1102 2235 non
1148 2195 1240 2235 satis
1285 2196 1395 2236 rcc‘ie
1431 2195 1474 2235 in
1511 2194 1641 2235 corde
1678 2193 1808 2247 priori

401 2260 717 2314 expresseram,
771 2272 875 2315 quac
912 2269 1053 2300 tamen
1090 2260 1326 2302 constanter
1359 2260 1586 2315 reperitur.
1653 2257 1809 2311 Incipit

1700 2322 1806 2364 haec
