<?xml version="1.0" encoding="UTF-8"?>
<!DOCTYPE html PUBLIC "-//W3C//DTD XHTML 1.0 Transitional//EN"
    "http://www.w3.org/TR/xhtml1/DTD/xhtml1-transitional.dtd">
<html xmlns="http://www.w3.org/1999/xhtml" xml:lang="en" lang="en">
 <head>
  <title>
</title>
<meta http-equiv="Content-Type" content="text/html;charset=utf-8" />
  <meta name='ocr-system' content='tesseract 3.04.00' />
  <meta name='ocr-capabilities' content='ocr_page ocr_carea ocr_par ocr_line ocrx_word'/>
</head>
<body>
  <div class='ocr_page' id='page_1' title='image "./novaactaacademia02impe_0308.png"; bbox 0 0 1971 2672; ppageno 0'>
   <div class='ocr_carea' id='block_1_1' title="bbox 746 191 900 202">
    <p class='ocr_par' dir='ltr' id='par_1_1' title="bbox 746 191 900 202">
     <span class='ocr_line' id='line_1_1' title="bbox 746 191 900 202; baseline 0 0"><span class='ocrx_word' id='word_1_1' title='bbox 746 191 900 202; x_wconf 95' lang='lat' dir='ltr'> </span> 
     </span>
    </p>
   </div>
   <div class='ocr_carea' id='block_1_2' title="bbox 1120 190 1273 202">
    <p class='ocr_par' dir='ltr' id='par_1_2' title="bbox 1120 190 1273 202">
     <span class='ocr_line' id='line_1_2' title="bbox 1120 190 1273 202; baseline 0 0"><span class='ocrx_word' id='word_1_2' title='bbox 1120 190 1273 202; x_wconf 95' lang='lat' dir='ltr'> </span> 
     </span>
    </p>
   </div>
   <div class='ocr_carea' id='block_1_3' title="bbox 933 173 1272 230">
    <p class='ocr_par' dir='ltr' id='par_1_3' title="bbox 933 173 1272 230">
     <span class='ocr_line' id='line_1_3' title="bbox 933 173 1272 230; baseline 0.003 -1"><span class='ocrx_word' id='word_1_3' title='bbox 933 173 1086 230; x_wconf 82' lang='lat'><em>(186)</em></span> <span class='ocrx_word' id='word_1_4' title='bbox 1121 206 1272 230; x_wconf 78' lang='lat'>——.——</span> 
     </span>
    </p>
   </div>
   <div class='ocr_carea' id='block_1_4' title="bbox 748 207 898 214">
    <p class='ocr_par' dir='ltr' id='par_1_4' title="bbox 748 207 898 214">
     <span class='ocr_line' id='line_1_4' title="bbox 748 207 898 214; baseline 0 2458"><span class='ocrx_word' id='word_1_5' title='bbox 748 207 898 214; x_wconf 95' lang='lat' dir='ltr'> </span> 
     </span>
    </p>
   </div>
   <div class='ocr_carea' id='block_1_5' title="bbox 207 286 1802 342">
    <p class='ocr_par' dir='ltr' id='par_1_5' title="bbox 207 286 1802 342">
     <span class='ocr_line' id='line_1_5' title="bbox 207 286 1802 342; baseline -0.003 -13"><span class='ocrx_word' id='word_1_6' title='bbox 207 287 454 341; x_wconf 67' lang='lat' dir='ltr'>Confirmata</span> <span class='ocrx_word' id='word_1_7' title='bbox 489 287 733 342; x_wconf 78' lang='lat' dir='ltr'><em>complicatio</em></span> <span class='ocrx_word' id='word_1_8' title='bbox 758 287 961 339; x_wconf 70' lang='lat' dir='ltr'>fibrarum</span> <span class='ocrx_word' id='word_1_9' title='bbox 998 288 1153 340; x_wconf 76' lang='lat' dir='ltr'>cordis,</span> <span class='ocrx_word' id='word_1_10' title='bbox 1188 289 1405 340; x_wconf 77' lang='lat' dir='ltr'>variaeque</span> <span class='ocrx_word' id='word_1_11' title='bbox 1438 298 1607 326; x_wconf 77' lang='lat' dir='ltr'>nexuum</span> <span class='ocrx_word' id='word_1_12' title='bbox 1632 286 1802 342; x_wconf 81' lang='lat' dir='ltr'>species.</span> 
     </span>
    </p>
   </div>
   <div class='ocr_carea' id='block_1_6' title="bbox 203 380 1823 1886">
    <p class='ocr_par' dir='ltr' id='par_1_6' title="bbox 203 380 1822 1788">
     <span class='ocr_line' id='line_1_6' title="bbox 399 380 1810 437; baseline -0.002 -13"><span class='ocrx_word' id='word_1_13' title='bbox 399 384 524 425; x_wconf 83' lang='lat' dir='ltr'>Haud</span> <span class='ocrx_word' id='word_1_14' title='bbox 568 386 708 425; x_wconf 79' lang='lat' dir='ltr'>minus</span> <span class='ocrx_word' id='word_1_15' title='bbox 760 396 904 424; x_wconf 66' lang='lat' dir='ltr'>nexum</span> <span class='ocrx_word' id='word_1_16' title='bbox 937 384 1197 437; x_wconf 71' lang='lat' dir='ltr'>singularum</span> <span class='ocrx_word' id='word_1_17' title='bbox 1249 382 1452 423; x_wconf 77' lang='lat' dir='ltr'>fibrarum</span> <span class='ocrx_word' id='word_1_18' title='bbox 1504 380 1810 436; x_wconf 76' lang='lat' dir='ltr'>fasciarumque</span> 
     </span>
     <span class='ocr_line' id='line_1_7' title="bbox 205 446 1810 501; baseline -0.001 -15"><span class='ocrx_word' id='word_1_19' title='bbox 205 456 248 487; x_wconf 91' lang='lat' dir='ltr'>et</span> <span class='ocrx_word' id='word_1_20' title='bbox 284 447 608 500; x_wconf 67' lang='lat' dir='ltr'>fasciculorum,</span> <span class='ocrx_word' id='word_1_21' title='bbox 647 462 754 501; x_wconf 82' lang='lat' dir='ltr'>quos</span> <span class='ocrx_word' id='word_1_22' title='bbox 791 449 887 488; x_wconf 69' lang='lat' dir='ltr'>iliae</span> <span class='ocrx_word' id='word_1_23' title='bbox 926 447 1127 488; x_wconf 70' lang='lat' dir='ltr'>cosse-stae</span> <span class='ocrx_word' id='word_1_24' title='bbox 1165 446 1389 498; x_wconf 82' lang='lat' dir='ltr'>efficiunt,</span> <span class='ocrx_word' id='word_1_25' title='bbox 1436 446 1697 487; x_wconf 69' lang='lat' dir='ltr'>constantem</span> <span class='ocrx_word' id='word_1_26' title='bbox 1731 446 1810 486; x_wconf 71' lang='lat' dir='ltr'>effe</span> 
     </span>
     <span class='ocr_line' id='line_1_8' title="bbox 203 509 1813 565; baseline -0.003 -13"><span class='ocrx_word' id='word_1_27' title='bbox 203 514 357 565; x_wconf 86' lang='lat' dir='ltr'>reperi.</span> <span class='ocrx_word' id='word_1_28' title='bbox 426 512 782 554; x_wconf 68' lang='lat' dir='ltr'>Extremitatiims</span> <span class='ocrx_word' id='word_1_29' title='bbox 819 512 898 552; x_wconf 84' lang='lat' dir='ltr'>suis</span> <span class='ocrx_word' id='word_1_30' title='bbox 937 511 1079 553; x_wconf 73' lang='lat' dir='ltr'>fascias</span> <span class='ocrx_word' id='word_1_31' title='bbox 1117 511 1225 551; x_wconf 84' lang='lat' dir='ltr'>inter</span> <span class='ocrx_word' id='word_1_32' title='bbox 1260 510 1298 550; x_wconf 91' lang='lat' dir='ltr'>se</span> <span class='ocrx_word' id='word_1_33' title='bbox 1335 521 1505 562; x_wconf 76' lang='lat' dir='ltr'>mutuo,</span> <span class='ocrx_word' id='word_1_34' title='bbox 1527 510 1656 563; x_wconf 84' lang='lat' dir='ltr'>idque</span> <span class='ocrx_word' id='word_1_35' title='bbox 1686 509 1813 548; x_wconf 76' lang='lat' dir='ltr'>variis</span> 
     </span>
     <span class='ocr_line' id='line_1_9' title="bbox 206 572 1813 630; baseline -0.004 -14"><span class='ocrx_word' id='word_1_36' title='bbox 206 577 374 628; x_wconf 79' lang='lat' dir='ltr'>modis,</span> <span class='ocrx_word' id='word_1_37' title='bbox 426 576 637 630; x_wconf 69' lang='lat' dir='ltr'>serratim,</span> <span class='ocrx_word' id='word_1_38' title='bbox 689 586 760 617; x_wconf 79' lang='lat' dir='ltr'>aut</span> <span class='ocrx_word' id='word_1_39' title='bbox 795 577 1042 630; x_wconf 70' lang='lat' dir='ltr'>pennatim,</span> <span class='ocrx_word' id='word_1_40' title='bbox 1097 585 1167 616; x_wconf 83' lang='lat' dir='ltr'>aut</span> <span class='ocrx_word' id='word_1_41' title='bbox 1203 574 1439 615; x_wconf 76' lang='lat' dir='ltr'>obscuriori</span> <span class='ocrx_word' id='word_1_42' title='bbox 1477 572 1813 615; x_wconf 70' lang='lat' dir='ltr'>continuationis</span> 
     </span>
     <span class='ocr_line' id='line_1_10' title="bbox 205 636 1818 695; baseline -0.003 -16"><span class='ocrx_word' id='word_1_43' title='bbox 205 641 517 694; x_wconf 82' lang='lat' dir='ltr'>interruptione</span> <span class='ocrx_word' id='word_1_44' title='bbox 546 642 626 695; x_wconf 77' lang='lat' dir='ltr'>a),</span> <span class='ocrx_word' id='word_1_45' title='bbox 662 651 734 681; x_wconf 80' lang='lat' dir='ltr'>aut</span> <span class='ocrx_word' id='word_1_46' title='bbox 770 640 945 694; x_wconf 84' lang='lat' dir='ltr'>obliqua</span> <span class='ocrx_word' id='word_1_47' title='bbox 982 642 1157 680; x_wconf 85' lang='lat' dir='ltr'>demum</span> <span class='ocrx_word' id='word_1_48' title='bbox 1192 639 1370 680; x_wconf 73' lang='lat' dir='ltr'>aliarum</span> <span class='ocrx_word' id='word_1_49' title='bbox 1405 639 1448 679; x_wconf 87' lang='lat' dir='ltr'>in</span> <span class='ocrx_word' id='word_1_50' title='bbox 1486 639 1584 679; x_wconf 77' lang='lat' dir='ltr'>alius</span> <span class='ocrx_word' id='word_1_51' title='bbox 1621 636 1818 677; x_wconf 85' lang='lat' dir='ltr'>insertio-</span> 
     </span>
     <span class='ocr_line' id='line_1_11' title="bbox 207 701 1818 758; baseline -0.004 -13"><span class='ocrx_word' id='word_1_52' title='bbox 207 717 258 745; x_wconf 93' lang='lat' dir='ltr'>ne</span> <span class='ocrx_word' id='word_1_53' title='bbox 295 704 375 758; x_wconf 76' lang='lat' dir='ltr'>h),</span> <span class='ocrx_word' id='word_1_54' title='bbox 429 719 643 746; x_wconf 75' lang='lat' dir='ltr'>connexas</span> <span class='ocrx_word' id='word_1_55' title='bbox 680 705 871 745; x_wconf 85' lang='lat' dir='ltr'>inuenire</span> <span class='ocrx_word' id='word_1_56' title='bbox 894 733 906 756; x_wconf 79' lang='lat'>‚</span> <span class='ocrx_word' id='word_1_57' title='bbox 958 705 1018 744; x_wconf 85' lang='lat' dir='ltr'>vti</span> <span class='ocrx_word' id='word_1_58' title='bbox 1054 703 1098 743; x_wconf 88' lang='lat' dir='ltr'>in</span> <span class='ocrx_word' id='word_1_59' title='bbox 1132 704 1274 757; x_wconf 86' lang='lat' dir='ltr'>primo</span> <span class='ocrx_word' id='word_1_60' title='bbox 1296 732 1309 755; x_wconf 74' lang='lat'>⁷</span> <span class='ocrx_word' id='word_1_61' title='bbox 1361 703 1414 744; x_wconf 86' lang='lat' dir='ltr'>fic</span> <span class='ocrx_word' id='word_1_62' title='bbox 1449 712 1492 744; x_wconf 90' lang='lat' dir='ltr'>et</span> <span class='ocrx_word' id='word_1_63' title='bbox 1526 705 1569 742; x_wconf 85' lang='lat' dir='ltr'>in</span> <span class='ocrx_word' id='word_1_64' title='bbox 1604 701 1818 754; x_wconf 80' lang='lat' dir='ltr'>reliquis,</span> 
     </span>
     <span class='ocr_line' id='line_1_12' title="bbox 209 765 1818 823; baseline -0.003 -15"><span class='ocrx_word' id='word_1_65' title='bbox 209 782 314 822; x_wconf 79' lang='lat' dir='ltr'>quae</span> <span class='ocrx_word' id='word_1_66' title='bbox 352 770 551 810; x_wconf 61' lang='lat' dir='ltr'>haetenus</span> <span class='ocrx_word' id='word_1_67' title='bbox 587 769 817 823; x_wconf 73' lang='lat' dir='ltr'>inquilini,</span> <span class='ocrx_word' id='word_1_68' title='bbox 870 768 1105 820; x_wconf 75' lang='lat' dir='ltr'>cordibus⁷</span> <span class='ocrx_word' id='word_1_69' title='bbox 1157 777 1200 807; x_wconf 91' lang='lat' dir='ltr'>et</span> <span class='ocrx_word' id='word_1_70' title='bbox 1233 768 1275 808; x_wconf 88' lang='lat' dir='ltr'>in</span> <span class='ocrx_word' id='word_1_71' title='bbox 1312 781 1365 808; x_wconf 88' lang='lat' dir='ltr'>eo</span> <span class='ocrx_word' id='word_1_72' title='bbox 1388 797 1401 820; x_wconf 82' lang='lat'>‚</span> <span class='ocrx_word' id='word_1_73' title='bbox 1455 768 1574 808; x_wconf 89' lang='lat' dir='ltr'>cuius</span> <span class='ocrx_word' id='word_1_74' title='bbox 1619 766 1689 806; x_wconf 89' lang='lat' dir='ltr'>hic</span> <span class='ocrx_word' id='word_1_75' title='bbox 1726 765 1818 804; x_wconf 88' lang='lat' dir='ltr'>ico-</span> 
     </span>
     <span class='ocr_line' id='line_1_13' title="bbox 208 828 1820 886; baseline -0.003 -14"><span class='ocrx_word' id='word_1_76' title='bbox 208 845 308 873; x_wconf 88' lang='lat' dir='ltr'>nem</span> <span class='ocrx_word' id='word_1_77' title='bbox 342 834 528 886; x_wconf 80' lang='lat' dir='ltr'>adiungo</span> <span class='ocrx_word' id='word_1_78' title='bbox 551 863 563 884; x_wconf 73' lang='lat'>‚</span> <span class='ocrx_word' id='word_1_79' title='bbox 614 833 788 873; x_wconf 89' lang='lat' dir='ltr'>solitum</span> <span class='ocrx_word' id='word_1_80' title='bbox 824 833 894 872; x_wconf 88' lang='lat' dir='ltr'>est.</span> <span class='ocrx_word' id='word_1_81' title='bbox 965 831 1167 872; x_wconf 80' lang='lat' dir='ltr'>Fasciculi</span> <span class='ocrx_word' id='word_1_82' title='bbox 1205 832 1476 884; x_wconf 77' lang='lat' dir='ltr'>constanter⁷</span> <span class='ocrx_word' id='word_1_83' title='bbox 1512 831 1572 871; x_wconf 82' lang='lat' dir='ltr'>vti</span> <span class='ocrx_word' id='word_1_84' title='bbox 1608 828 1820 870; x_wconf 81' lang='lat' dir='ltr'>ramifica-</span> 
     </span>
     <span class='ocr_line' id='line_1_14' title="bbox 206 892 1819 950; baseline -0.004 -14"><span class='ocrx_word' id='word_1_85' title='bbox 206 897 268 948; x_wconf 67' lang='lat' dir='ltr'>ti,</span> <span class='ocrx_word' id='word_1_86' title='bbox 320 896 373 937; x_wconf 90' lang='lat' dir='ltr'>fic</span> <span class='ocrx_word' id='word_1_87' title='bbox 411 896 738 937; x_wconf 78' lang='lat' dir='ltr'>anastomofibus</span> <span class='ocrx_word' id='word_1_88' title='bbox 777 909 950 950; x_wconf 88' lang='lat' dir='ltr'>quoque</span> <span class='ocrx_word' id='word_1_89' title='bbox 986 895 1201 936; x_wconf 64' lang='lat' dir='ltr'>coniuneti</span> <span class='ocrx_word' id='word_1_90' title='bbox 1239 897 1508 949; x_wconf 88' lang='lat' dir='ltr'>reperiuntur</span> <span class='ocrx_word' id='word_1_91' title='bbox 1544 895 1618 948; x_wconf 86' lang='lat' dir='ltr'>c).</span> <span class='ocrx_word' id='word_1_92' title='bbox 1697 892 1819 932; x_wconf 85' lang='lat' dir='ltr'>Tum</span> 
     </span>
     <span class='ocr_line' id='line_1_15' title="bbox 209 955 1821 1015; baseline -0.004 -14"><span class='ocrx_word' id='word_1_93' title='bbox 209 971 252 1001; x_wconf 86' lang='lat' dir='ltr'>et</span> <span class='ocrx_word' id='word_1_94' title='bbox 287 974 363 1015; x_wconf 90' lang='lat' dir='ltr'>per</span> <span class='ocrx_word' id='word_1_95' title='bbox 399 961 528 1002; x_wconf 82' lang='lat' dir='ltr'>latera</span> <span class='ocrx_word' id='word_1_96' title='bbox 564 961 765 1002; x_wconf 78' lang='lat' dir='ltr'>fibrarum</span> <span class='ocrx_word' id='word_1_97' title='bbox 804 960 951 1001; x_wconf 80' lang='lat' dir='ltr'>fasciae</span> <span class='ocrx_word' id='word_1_98' title='bbox 990 970 1032 1000; x_wconf 92' lang='lat' dir='ltr'>et</span> <span class='ocrx_word' id='word_1_99' title='bbox 1068 959 1279 1011; x_wconf 72' lang='lat' dir='ltr'>fasciculi,</span> <span class='ocrx_word' id='word_1_100' title='bbox 1328 960 1538 1013; x_wconf 84' lang='lat' dir='ltr'>imprimis</span> <span class='ocrx_word' id='word_1_101' title='bbox 1576 972 1651 1012; x_wconf 85' lang='lat' dir='ltr'>per</span> <span class='ocrx_word' id='word_1_102' title='bbox 1687 955 1821 997; x_wconf 79' lang='lat' dir='ltr'>fibrii-</span> 
     </span>
     <span class='ocr_line' id='line_1_16' title="bbox 210 1020 1821 1079; baseline -0.004 -14"><span class='ocrx_word' id='word_1_103' title='bbox 210 1025 269 1066; x_wconf 71' lang='lat' dir='ltr'>las</span> <span class='ocrx_word' id='word_1_104' title='bbox 308 1025 505 1079; x_wconf 75' lang='lat' dir='ltr'>obliquas</span> <span class='ocrx_word' id='word_1_105' title='bbox 553 1027 793 1077; x_wconf 67' lang='lat' dir='ltr'>neecentes,</span> <span class='ocrx_word' id='word_1_106' title='bbox 848 1025 1085 1065; x_wconf 83' lang='lat' dir='ltr'>constanter</span> <span class='ocrx_word' id='word_1_107' title='bbox 1130 1024 1240 1063; x_wconf 90' lang='lat' dir='ltr'>inter</span> <span class='ocrx_word' id='word_1_108' title='bbox 1278 1023 1316 1063; x_wconf 89' lang='lat' dir='ltr'>se</span> <span class='ocrx_word' id='word_1_109' title='bbox 1355 1024 1569 1064; x_wconf 66' lang='lat' dir='ltr'>coniuncti</span> <span class='ocrx_word' id='word_1_110' title='bbox 1622 1024 1727 1062; x_wconf 91' lang='lat' dir='ltr'>sunt.</span> <span class='ocrx_word' id='word_1_111' title='bbox 1763 1020 1821 1072; x_wconf 85' lang='lat' dir='ltr'>d)</span> 
     </span>
     <span class='ocr_line' id='line_1_17' title="bbox 209 1080 1816 1143; baseline -0.004 -13"><span class='ocrx_word' id='word_1_112' title='bbox 209 1090 306 1130; x_wconf 88' lang='lat' dir='ltr'>Imo</span> <span class='ocrx_word' id='word_1_113' title='bbox 342 1099 385 1130; x_wconf 90' lang='lat' dir='ltr'>et</span> <span class='ocrx_word' id='word_1_114' title='bbox 421 1103 539 1131; x_wconf 88' lang='lat' dir='ltr'>nouo</span> <span class='ocrx_word' id='word_1_115' title='bbox 578 1102 733 1143; x_wconf 81' lang='lat' dir='ltr'><strong>genere</strong></span> <span class='ocrx_word' id='word_1_116' title='bbox 770 1080 1022 1129; x_wconf 67' lang='lat' dir='ltr'>fibrinarum</span> <span class='ocrx_word' id='word_1_117' title='bbox 1061 1087 1300 1139; x_wconf 70' lang='lat' dir='ltr'>fasciculos,</span> <span class='ocrx_word' id='word_1_118' title='bbox 1346 1088 1432 1128; x_wconf 89' lang='lat' dir='ltr'>fiue</span> <span class='ocrx_word' id='word_1_119' title='bbox 1474 1086 1612 1138; x_wconf 75' lang='lat' dir='ltr'>funes,</span> <span class='ocrx_word' id='word_1_120' title='bbox 1648 1087 1689 1125; x_wconf 87' lang='lat' dir='ltr'>in</span> <span class='ocrx_word' id='word_1_121' title='bbox 1730 1085 1816 1125; x_wconf 88' lang='lat' dir='ltr'>hoc</span> 
     </span>
     <span class='ocr_line' id='line_1_18' title="bbox 211 1149 1821 1204; baseline -0.004 -9"><span class='ocrx_word' id='word_1_122' title='bbox 211 1164 255 1195; x_wconf 88' lang='lat' dir='ltr'>et</span> <span class='ocrx_word' id='word_1_123' title='bbox 287 1154 329 1194; x_wconf 89' lang='lat' dir='ltr'>in</span> <span class='ocrx_word' id='word_1_124' title='bbox 370 1155 459 1195; x_wconf 83' lang='lat' dir='ltr'>aliis</span> <span class='ocrx_word' id='word_1_125' title='bbox 499 1155 700 1195; x_wconf 82' lang='lat' dir='ltr'>cordibus</span> <span class='ocrx_word' id='word_1_126' title='bbox 738 1166 953 1195; x_wconf 83' lang='lat' dir='ltr'>connexas</span> <span class='ocrx_word' id='word_1_127' title='bbox 988 1152 1067 1193; x_wconf 82' lang='lat' dir='ltr'>effe</span> <span class='ocrx_word' id='word_1_128' title='bbox 1088 1153 1191 1192; x_wconf 86' lang='lat' dir='ltr'>vidi.</span> <span class='ocrx_word' id='word_1_129' title='bbox 1262 1152 1375 1194; x_wconf 86' lang='lat' dir='ltr'>Solis</span> <span class='ocrx_word' id='word_1_130' title='bbox 1413 1152 1529 1192; x_wconf 88' lang='lat' dir='ltr'>euim</span> <span class='ocrx_word' id='word_1_131' title='bbox 1563 1149 1821 1204; x_wconf 86' lang='lat' dir='ltr'>profundio-</span> 
     </span>
     <span class='ocr_line' id='line_1_19' title="bbox 209 1213 1822 1272; baseline -0.005 -13"><span class='ocrx_word' id='word_1_132' title='bbox 209 1219 326 1260; x_wconf 83' lang='lat' dir='ltr'>ribus</span> <span class='ocrx_word' id='word_1_133' title='bbox 361 1218 529 1259; x_wconf 87' lang='lat' dir='ltr'>fibrillis</span> <span class='ocrx_word' id='word_1_134' title='bbox 565 1219 753 1272; x_wconf 86' lang='lat' dir='ltr'>obliquis</span> <span class='ocrx_word' id='word_1_135' title='bbox 792 1217 976 1259; x_wconf 75' lang='lat' dir='ltr'>fasciculi</span> <span class='ocrx_word' id='word_1_136' title='bbox 1010 1217 1054 1256; x_wconf 91' lang='lat' dir='ltr'>in</span> <span class='ocrx_word' id='word_1_137' title='bbox 1094 1217 1222 1257; x_wconf 87' lang='lat' dir='ltr'>corde</span> <span class='ocrx_word' id='word_1_138' title='bbox 1260 1217 1391 1271; x_wconf 80' lang='lat' dir='ltr'>priori</span> <span class='ocrx_word' id='word_1_139' title='bbox 1431 1215 1642 1256; x_wconf 66' lang='lat' dir='ltr'>coniuncti</span> <span class='ocrx_word' id='word_1_140' title='bbox 1683 1214 1721 1266; x_wconf 82' lang='lat' dir='ltr'>e)</span> <span class='ocrx_word' id='word_1_141' title='bbox 1757 1213 1822 1251; x_wconf 83' lang='lat' dir='ltr'>in-</span> 
     </span>
     <span class='ocr_line' id='line_1_20' title="bbox 210 1278 1820 1337; baseline -0.006 -13"><span class='ocrx_word' id='word_1_142' title='bbox 210 1283 506 1324; x_wconf 78' lang='lat' dir='ltr'>veniebantur.</span> <span class='ocrx_word' id='word_1_143' title='bbox 595 1283 969 1337; x_wconf 78' lang='lat' dir='ltr'>Superficialibus,</span> <span class='ocrx_word' id='word_1_144' title='bbox 1020 1281 1240 1321; x_wconf 71' lang='lat' dir='ltr'>manifesto</span> <span class='ocrx_word' id='word_1_145' title='bbox 1277 1294 1332 1321; x_wconf 86' lang='lat' dir='ltr'>ex</span> <span class='ocrx_word' id='word_1_146' title='bbox 1368 1281 1501 1321; x_wconf 77' lang='lat' dir='ltr'>altero</span> <span class='ocrx_word' id='word_1_147' title='bbox 1553 1279 1595 1318; x_wconf 86' lang='lat' dir='ltr'>in</span> <span class='ocrx_word' id='word_1_148' title='bbox 1640 1278 1820 1317; x_wconf 75' lang='lat' dir='ltr'>alterum</span> 
     </span>
     <span class='ocr_line' id='line_1_21' title="bbox 213 1342 1820 1398; baseline -0.006 -11"><span class='ocrx_word' id='word_1_149' title='bbox 213 1348 360 1388; x_wconf 87' lang='lat' dir='ltr'>funem</span> <span class='ocrx_word' id='word_1_150' title='bbox 391 1348 674 1397; x_wconf 59' lang='lat' dir='ltr'>continuatis„</span> <span class='ocrx_word' id='word_1_151' title='bbox 711 1347 918 1398; x_wconf 72' lang='lat' dir='ltr'>egregiis,</span> <span class='ocrx_word' id='word_1_152' title='bbox 955 1344 1161 1394; x_wconf 69' lang='lat' dir='ltr'>robustis,</span> <span class='ocrx_word' id='word_1_153' title='bbox 1198 1343 1365 1382; x_wconf 75' lang='lat' dir='ltr'>fibi-iilis</span> <span class='ocrx_word' id='word_1_154' title='bbox 1397 1342 1596 1382; x_wconf 85' lang='lat' dir='ltr'>breuibus</span> <span class='ocrx_word' id='word_1_155' title='bbox 1618 1353 1693 1379; x_wconf 84' lang='lat' dir='ltr'>eos</span> <span class='ocrx_word' id='word_1_156' title='bbox 1716 1351 1820 1378; x_wconf 89' lang='lat' dir='ltr'>con·-</span> 
     </span>
     <span class='ocr_line' id='line_1_22' title="bbox 213 1403 1819 1461; baseline -0.007 -9"><span class='ocrx_word' id='word_1_157' title='bbox 213 1423 351 1452; x_wconf 82' lang='lat' dir='ltr'>nexos</span> <span class='ocrx_word' id='word_1_158' title='bbox 387 1412 429 1450; x_wconf 91' lang='lat' dir='ltr'>in</span> <span class='ocrx_word' id='word_1_159' title='bbox 467 1411 551 1451; x_wconf 91' lang='lat' dir='ltr'>hoc</span> <span class='ocrx_word' id='word_1_160' title='bbox 573 1410 703 1451; x_wconf 88' lang='lat' dir='ltr'>corde</span> <span class='ocrx_word' id='word_1_161' title='bbox 740 1409 877 1461; x_wconf 85' lang='lat' dir='ltr'>reperi</span> <span class='ocrx_word' id='word_1_162' title='bbox 903 1405 981 1461; x_wconf 83' lang='lat' dir='ltr'>f);</span> <span class='ocrx_word' id='word_1_163' title='bbox 1019 1417 1060 1446; x_wconf 89' lang='lat' dir='ltr'>et</span> <span class='ocrx_word' id='word_1_164' title='bbox 1094 1407 1137 1445; x_wconf 88' lang='lat' dir='ltr'>in</span> <span class='ocrx_word' id='word_1_165' title='bbox 1175 1406 1263 1446; x_wconf 83' lang='lat' dir='ltr'>aliis</span> <span class='ocrx_word' id='word_1_166' title='bbox 1298 1404 1466 1444; x_wconf 85' lang='lat' dir='ltr'>sedibus</span> <span class='ocrx_word' id='word_1_167' title='bbox 1502 1403 1681 1443; x_wconf 64' lang='lat' dir='ltr'>fibi-illae</span> <span class='ocrx_word' id='word_1_168' title='bbox 1719 1415 1819 1440; x_wconf 83' lang='lat' dir='ltr'>nec·</span> 
     </span>
     <span class='ocr_line' id='line_1_23' title="bbox 215 1464 1821 1528; baseline -0.007 -13"><span class='ocrx_word' id='word_1_169' title='bbox 215 1484 351 1515; x_wconf 86' lang='lat' dir='ltr'>tentes</span> <span class='ocrx_word' id='word_1_170' title='bbox 390 1475 501 1528; x_wconf 84' lang='lat' dir='ltr'>quasi</span> <span class='ocrx_word' id='word_1_171' title='bbox 536 1475 578 1513; x_wconf 87' lang='lat' dir='ltr'>in</span> <span class='ocrx_word' id='word_1_172' title='bbox 617 1473 847 1522; x_wconf 68' lang='lat' dir='ltr'>funiculos,</span> <span class='ocrx_word' id='word_1_173' title='bbox 885 1471 1035 1510; x_wconf 83' lang='lat' dir='ltr'>breues</span> <span class='ocrx_word' id='word_1_174' title='bbox 1074 1470 1275 1522; x_wconf 68' lang='lat' dir='ltr'>quidem,</span> <span class='ocrx_word' id='word_1_175' title='bbox 1312 1477 1352 1508; x_wconf 80' lang='lat' dir='ltr'>at</span> <span class='ocrx_word' id='word_1_176' title='bbox 1386 1468 1477 1507; x_wconf 75' lang='lat' dir='ltr'>satis</span> <span class='ocrx_word' id='word_1_177' title='bbox 1516 1467 1690 1514; x_wconf 64' lang='lat' dir='ltr'>crassos,</span> <span class='ocrx_word' id='word_1_178' title='bbox 1728 1464 1821 1503; x_wconf 81' lang='lat' dir='ltr'>col-</span> 
     </span>
     <span class='ocr_line' id='line_1_24' title="bbox 214 1526 1820 1590; baseline -0.009 -11"><span class='ocrx_word' id='word_1_179' title='bbox 214 1540 344 1580; x_wconf 68' lang='lat' dir='ltr'>lec‘tae</span> <span class='ocrx_word' id='word_1_180' title='bbox 389 1547 508 1578; x_wconf 81' lang='lat' dir='ltr'>erant</span> <span class='ocrx_word' id='word_1_181' title='bbox 540 1538 623 1590; x_wconf 83' lang='lat' dir='ltr'>g).</span> <span class='ocrx_word' id='word_1_182' title='bbox 694 1535 852 1588; x_wconf 80' lang='lat' dir='ltr'>Neque</span> <span class='ocrx_word' id='word_1_183' title='bbox 887 1533 977 1573; x_wconf 68' lang='lat' dir='ltr'>vilo</span> <span class='ocrx_word' id='word_1_184' title='bbox 1023 1533 1156 1572; x_wconf 82' lang='lat' dir='ltr'>modo</span> <span class='ocrx_word' id='word_1_185' title='bbox 1192 1532 1235 1571; x_wconf 89' lang='lat' dir='ltr'>in</span> <span class='ocrx_word' id='word_1_186' title='bbox 1272 1530 1461 1583; x_wconf 82' lang='lat' dir='ltr'>repetitis</span> <span class='ocrx_word' id='word_1_187' title='bbox 1509 1529 1572 1568; x_wconf 78' lang='lat' dir='ltr'>his</span> <span class='ocrx_word' id='word_1_188' title='bbox 1617 1526 1820 1581; x_wconf 85' lang='lat' dir='ltr'>periculis</span> 
     </span>
     <span class='ocr_line' id='line_1_25' title="bbox 215 1590 1822 1654; baseline -0.009 -11"><span class='ocrx_word' id='word_1_189' title='bbox 215 1602 443 1643; x_wconf 83' lang='lat' dir='ltr'>dubiosum</span> <span class='ocrx_word' id='word_1_190' title='bbox 481 1603 678 1654; x_wconf 76' lang='lat' dir='ltr'>cuiquam</span> <span class='ocrx_word' id='word_1_191' title='bbox 716 1600 795 1639; x_wconf 81' lang='lat' dir='ltr'>effe</span> <span class='ocrx_word' id='word_1_192' title='bbox 831 1597 946 1652; x_wconf 84' lang='lat' dir='ltr'>poffe</span> <span class='ocrx_word' id='word_1_193' title='bbox 980 1597 1227 1646; x_wconf 72' lang='lat' dir='ltr'>videbatur,</span> <span class='ocrx_word' id='word_1_194' title='bbox 1283 1596 1382 1648; x_wconf 86' lang='lat' dir='ltr'>quin</span> <span class='ocrx_word' id='word_1_195' title='bbox 1421 1605 1593 1634; x_wconf 77' lang='lat' dir='ltr'>carneae</span> <span class='ocrx_word' id='word_1_196' title='bbox 1639 1591 1735 1631; x_wconf 76' lang='lat' dir='ltr'>illae</span> <span class='ocrx_word' id='word_1_197' title='bbox 1772 1590 1822 1629; x_wconf 84' lang='lat' dir='ltr'>fi-</span> 
     </span>
     <span class='ocr_line' id='line_1_26' title="bbox 215 1653 1822 1716; baseline -0.009 -9"><span class='ocrx_word' id='word_1_198' title='bbox 215 1667 363 1708; x_wconf 78' lang='lat' dir='ltr'>brillae</span> <span class='ocrx_word' id='word_1_199' title='bbox 411 1667 624 1707; x_wconf 63' lang='lat' dir='ltr'>meetentes</span> <span class='ocrx_word' id='word_1_200' title='bbox 669 1664 770 1713; x_wconf 78' lang='lat' dir='ltr'>sint7</span> <span class='ocrx_word' id='word_1_201' title='bbox 825 1675 931 1716; x_wconf 80' lang='lat' dir='ltr'>quae</span> <span class='ocrx_word' id='word_1_202' title='bbox 978 1671 1091 1701; x_wconf 79' lang='lat' dir='ltr'>tanta</span> <span class='ocrx_word' id='word_1_203' title='bbox 1135 1659 1305 1700; x_wconf 78' lang='lat' dir='ltr'>craffitie</span> <span class='ocrx_word' id='word_1_204' title='bbox 1350 1668 1393 1698; x_wconf 91' lang='lat' dir='ltr'>et</span> <span class='ocrx_word' id='word_1_205' title='bbox 1436 1656 1729 1710; x_wconf 79' lang='lat' dir='ltr'>magnitudine</span> <span class='ocrx_word' id='word_1_206' title='bbox 1765 1653 1822 1706; x_wconf 84' lang='lat' dir='ltr'>h)</span> 
     </span>
     <span class='ocr_line' id='line_1_27' title="bbox 215 1718 1821 1788; baseline -0.011 -15"><span class='ocrx_word' id='word_1_207' title='bbox 215 1731 499 1788; x_wconf 83' lang='lat' dir='ltr'>reperiuntur.</span> <span class='ocrx_word' id='word_1_208' title='bbox 569 1729 812 1771; x_wconf 77' lang='lat' dir='ltr'>Inordinata</span> <span class='ocrx_word' id='word_1_209' title='bbox 857 1725 1088 1767; x_wconf 69' lang='lat' dir='ltr'>coalitione</span> <span class='ocrx_word' id='word_1_210' title='bbox 1137 1734 1312 1778; x_wconf 85' lang='lat' dir='ltr'>quoque</span> <span class='ocrx_word' id='word_1_211' title='bbox 1347 1723 1390 1762; x_wconf 87' lang='lat' dir='ltr'>in</span> <span class='ocrx_word' id='word_1_212' title='bbox 1435 1721 1580 1762; x_wconf 87' lang='lat' dir='ltr'>multis</span> <span class='ocrx_word' id='word_1_213' title='bbox 1625 1718 1821 1768; x_wconf 82' lang='lat' dir='ltr'>sedibus,</span> 
     </span>
    </p>

    <p class='ocr_par' dir='ltr' id='par_1_7' title="bbox 224 1793 1823 1886">
     <span class='ocr_line' id='line_1_28' title="bbox 1741 1793 1823 1822; baseline -0.024 0"><span class='ocrx_word' id='word_1_214' title='bbox 1741 1793 1823 1822; x_wconf 84' lang='lat' dir='ltr'>nn-</span> 
     </span>
     <span class='ocr_line' id='line_1_29' title="bbox 224 1864 1823 1886; baseline -0.004 -8"><span class='ocrx_word' id='word_1_215' title='bbox 224 1864 1823 1886; x_wconf 59' lang='lat' dir='ltr'><em>w</em></span> 
     </span>
    </p>
   </div>
   <div class='ocr_carea' id='block_1_7' title="bbox 260 1906 1821 2404">
    <p class='ocr_par' dir='ltr' id='par_1_8' title="bbox 264 1906 747 1950">
     <span class='ocr_line' id='line_1_30' title="bbox 264 1906 747 1950; baseline -0.004 -8"><span class='ocrx_word' id='word_1_216' title='bbox 264 1907 302 1949; x_wconf 83' lang='lat' dir='ltr'>a)</span> <span class='ocrx_word' id='word_1_217' title='bbox 333 1906 420 1941; x_wconf 81' lang='lat' dir='ltr'>Tab.</span> <span class='ocrx_word' id='word_1_218' title='bbox 448 1908 502 1942; x_wconf 84' lang='lat' dir='ltr'>lv.</span> <span class='ocrx_word' id='word_1_219' title='bbox 530 1910 582 1946; x_wconf 80' lang='lat'>68.</span> <span class='ocrx_word' id='word_1_220' title='bbox 611 1910 665 1941; x_wconf 85' lang='lat'>66.</span> <span class='ocrx_word' id='word_1_221' title='bbox 695 1909 747 1950; x_wconf 81' lang='lat'>69.</span> 
     </span>
    </p>

    <p class='ocr_par' dir='ltr' id='par_1_9' title="bbox 263 1957 964 2013">
     <span class='ocr_line' id='line_1_31' title="bbox 263 1957 964 2013; baseline -0.004 -23"><span class='ocrx_word' id='word_1_222' title='bbox 263 1957 299 2003; x_wconf 77' lang='lat' dir='ltr'>b)</span> <span class='ocrx_word' id='word_1_223' title='bbox 329 1957 416 2013; x_wconf 61' lang='lat' dir='ltr'>Tab.</span> <span class='ocrx_word' id='word_1_224' title='bbox 444 1957 497 1991; x_wconf 93' lang='lat' dir='ltr'>IV.</span> <span class='ocrx_word' id='word_1_225' title='bbox 527 1968 571 2001; x_wconf 81' lang='lat'>25.</span> <span class='ocrx_word' id='word_1_226' title='bbox 599 1968 648 1998; x_wconf 79' lang='lat'>27.</span> <span class='ocrx_word' id='word_1_227' title='bbox 679 1968 730 2010; x_wconf 64' lang='lat'>29.</span> <span class='ocrx_word' id='word_1_228' title='bbox 760 1967 811 1996; x_wconf 84' lang='lat'>30.</span> <span class='ocrx_word' id='word_1_229' title='bbox 840 1965 884 1996; x_wconf 80' lang='lat'>33.</span> <span class='ocrx_word' id='word_1_230' title='bbox 912 1965 964 1996; x_wconf 79' lang='lat'>34,</span> 
     </span>
    </p>

    <p class='ocr_par' dir='ltr' id='par_1_10' title="bbox 263 2005 1132 2052">
     <span class='ocr_line' id='line_1_32' title="bbox 263 2005 1132 2052; baseline -0.007 -13"><span class='ocrx_word' id='word_1_231' title='bbox 263 2011 302 2052; x_wconf 81' lang='lat' dir='ltr'>c)</span> <span class='ocrx_word' id='word_1_232' title='bbox 341 2006 418 2044; x_wconf 76' lang='lat' dir='ltr'>sab,</span> <span class='ocrx_word' id='word_1_233' title='bbox 445 2007 468 2041; x_wconf 81' lang='lat'>1.</span> <span class='ocrx_word' id='word_1_234' title='bbox 498 2018 536 2049; x_wconf 82' lang='lat'>72</span> <span class='ocrx_word' id='word_1_235' title='bbox 573 2008 624 2047; x_wconf 83' lang='lat'>76.</span> <span class='ocrx_word' id='word_1_236' title='bbox 678 2005 704 2040; x_wconf 83' lang='grc' dir='ltr'>Ἱ</span> <span class='ocrx_word' id='word_1_237' title='bbox 718 2006 765 2038; x_wconf 81' lang='lat' dir='ltr'>ab.</span> <span class='ocrx_word' id='word_1_238' title='bbox 794 2006 830 2037; x_wconf 81' lang='lat' dir='ltr'>V.</span> <span class='ocrx_word' id='word_1_239' title='bbox 857 2015 901 2044; x_wconf 81' lang='lat'>33.</span> <span class='ocrx_word' id='word_1_240' title='bbox 930 2015 972 2048; x_wconf 79' lang='lat'>35.</span> <span class='ocrx_word' id='word_1_241' title='bbox 1001 2013 1053 2043; x_wconf 79' lang='lat'>30.</span> <span class='ocrx_word' id='word_1_242' title='bbox 1082 2006 1132 2042; x_wconf 78' lang='lat'>38.</span> 
     </span>
    </p>

    <p class='ocr_par' dir='ltr' id='par_1_11' title="bbox 265 2041 1821 2151">
     <span class='ocr_line' id='line_1_33' title="bbox 265 2041 1821 2104; baseline -0.009 -14"><span class='ocrx_word' id='word_1_243' title='bbox 265 2058 303 2104; x_wconf 85' lang='lat' dir='ltr'>d)</span> <span class='ocrx_word' id='word_1_244' title='bbox 332 2057 420 2092; x_wconf 60' lang='grc' dir='ltr'>Τιώ.</span> <span class='ocrx_word' id='word_1_245' title='bbox 449 2057 471 2091; x_wconf 95' lang='grc' dir='ltr'>Ι.</span> <span class='ocrx_word' id='word_1_246' title='bbox 500 2067 545 2098; x_wconf 84' lang='lat'>14.</span> <span class='ocrx_word' id='word_1_247' title='bbox 574 2067 613 2099; x_wconf 79' lang='grc' dir='ltr'>ις.</span> <span class='ocrx_word' id='word_1_248' title='bbox 643 2057 688 2089; x_wconf 80' lang='lat'>16.</span> <span class='ocrx_word' id='word_1_249' title='bbox 716 2060 758 2094; x_wconf 83' lang='lat'>18.</span> <span class='ocrx_word' id='word_1_250' title='bbox 789 2055 841 2090; x_wconf 71' lang='lat'>68.</span> <span class='ocrx_word' id='word_1_251' title='bbox 870 2063 921 2098; x_wconf 87' lang='lat'>74.</span> <span class='ocrx_word' id='word_1_252' title='bbox 980 2051 1069 2086; x_wconf 85' lang='lat' dir='ltr'>Tab.</span> <span class='ocrx_word' id='word_1_253' title='bbox 1097 2049 1150 2083; x_wconf 89' lang='lat' dir='ltr'>lV.</span> <span class='ocrx_word' id='word_1_254' title='bbox 1180 2059 1223 2090; x_wconf 87' lang='lat'>17.</span> <span class='ocrx_word' id='word_1_255' title='bbox 1252 2054 1297 2086; x_wconf 75' lang='lat'>13.</span> <span class='ocrx_word' id='word_1_256' title='bbox 1324 2058 1366 2081; x_wconf 83' lang='lat'>21.</span> <span class='ocrx_word' id='word_1_257' title='bbox 1394 2057 1446 2088; x_wconf 85' lang='lat'>24.</span> <span class='ocrx_word' id='word_1_258' title='bbox 1474 2047 1529 2089; x_wconf 88' lang='lat'>69.</span> <span class='ocrx_word' id='word_1_259' title='bbox 1557 2056 1608 2088; x_wconf 83' lang='lat'>72·</span> <span class='ocrx_word' id='word_1_260' title='bbox 1665 2041 1754 2079; x_wconf 79' lang='lat' dir='ltr'>Tab.</span> <span class='ocrx_word' id='word_1_261' title='bbox 1782 2043 1821 2076; x_wconf 89' lang='lat' dir='ltr'>V.</span> 
     </span>
     <span class='ocr_line' id='line_1_34' title="bbox 418 2094 1821 2151; baseline -0.008 -12"><span class='ocrx_word' id='word_1_262' title='bbox 418 2117 466 2150; x_wconf 81' lang='lat'>37.</span> <span class='ocrx_word' id='word_1_263' title='bbox 492 2117 550 2151; x_wconf 89' lang='lat'>40.</span> <span class='ocrx_word' id='word_1_264' title='bbox 576 2116 621 2147; x_wconf 87' lang='lat'>41.</span> <span class='ocrx_word' id='word_1_265' title='bbox 651 2106 706 2146; x_wconf 86' lang='lat'>46.</span> <span class='ocrx_word' id='word_1_266' title='bbox 771 2101 860 2138; x_wconf 79' lang='lat' dir='ltr'>Tab.</span> <span class='ocrx_word' id='word_1_267' title='bbox 886 2100 945 2137; x_wconf 88' lang='lat'>111.</span> <span class='ocrx_word' id='word_1_268' title='bbox 982 2112 1038 2137; x_wconf 71' lang='lat'>20.</span> <span class='ocrx_word' id='word_1_269' title='bbox 1065 2111 1118 2134; x_wconf 85' lang='lat'>20.</span> <span class='ocrx_word' id='word_1_270' title='bbox 1145 2108 1188 2132; x_wconf 60' lang='grc' dir='ltr'>ει.</span> <span class='ocrx_word' id='word_1_271' title='bbox 1217 2108 1264 2140; x_wconf 83' lang='lat'>37.</span> <span class='ocrx_word' id='word_1_272' title='bbox 1291 2106 1345 2141; x_wconf 82' lang='lat'>43.</span> <span class='ocrx_word' id='word_1_273' title='bbox 1410 2096 1498 2134; x_wconf 83' lang='lat' dir='ltr'>Tab.</span> <span class='ocrx_word' id='word_1_274' title='bbox 1525 2094 1579 2131; x_wconf 91' lang='lat' dir='ltr'>v1.</span> <span class='ocrx_word' id='word_1_275' title='bbox 1618 2103 1662 2136; x_wconf 80' lang='lat'>31.</span> <span class='ocrx_word' id='word_1_276' title='bbox 1698 2095 1744 2128; x_wconf 89' lang='lat'>61.</span> <span class='ocrx_word' id='word_1_277' title='bbox 1771 2095 1821 2137; x_wconf 83' lang='lat'>65.</span> 
     </span>
    </p>

    <p class='ocr_par' dir='ltr' id='par_1_12' title="bbox 266 2165 789 2254">
     <span class='ocr_line' id='line_1_35' title="bbox 266 2165 789 2254; baseline -0.013 -12"><span class='ocrx_word' id='word_1_278' title='bbox 266 2207 305 2254; x_wconf 72' lang='lat' dir='ltr'>e)</span> <span class='ocrx_word' id='word_1_279' title='bbox 333 2168 474 2242; x_wconf 67' lang='lat' dir='ltr'>Tab.17i.</span> <span class='ocrx_word' id='word_1_280' title='bbox 493 2168 550 2250; x_wconf 43' lang='lat'>“63</span> <span class='ocrx_word' id='word_1_281' title='bbox 574 2165 629 2244; x_wconf 50' lang='lat'>233.</span> <span class='ocrx_word' id='word_1_282' title='bbox 659 2214 709 2246; x_wconf 82' lang='lat'>74.</span> <span class='ocrx_word' id='word_1_283' title='bbox 736 2214 789 2246; x_wconf 71' lang='lat'>77,</span> 
     </span>
    </p>

    <p class='ocr_par' dir='ltr' id='par_1_13' title="bbox 260 2257 569 2303">
     <span class='ocr_line' id='line_1_36' title="bbox 260 2257 569 2303; baseline -0.01 -11"><span class='ocrx_word' id='word_1_284' title='bbox 260 2258 307 2303; x_wconf 84' lang='lat' dir='ltr'>f)</span> <span class='ocrx_word' id='word_1_285' title='bbox 339 2257 427 2292; x_wconf 82' lang='lat' dir='ltr'>Tab.</span> <span class='ocrx_word' id='word_1_286' title='bbox 454 2258 492 2290; x_wconf 94' lang='lat' dir='ltr'>V.</span> <span class='ocrx_word' id='word_1_287' title='bbox 520 2267 569 2298; x_wconf 84' lang='lat'>4¹·</span> 
     </span>
    </p>

    <p class='ocr_par' dir='ltr' id='par_1_14' title="bbox 260 2307 565 2355">
     <span class='ocr_line' id='line_1_37' title="bbox 260 2307 565 2355; baseline -0.003 -13"><span class='ocrx_word' id='word_1_288' title='bbox 260 2310 305 2355; x_wconf 78' lang='lat' dir='ltr'>g)</span> <span class='ocrx_word' id='word_1_289' title='bbox 346 2307 420 2341; x_wconf 75' lang='lat' dir='ltr'>sab.</span> <span class='ocrx_word' id='word_1_290' title='bbox 448 2308 486 2340; x_wconf 86' lang='lat' dir='ltr'>V.</span> <span class='ocrx_word' id='word_1_291' title='bbox 512 2317 565 2348; x_wconf 88' lang='lat'>47.</span> 
     </span>
    </p>

    <p class='ocr_par' dir='ltr' id='par_1_15' title="bbox 264 2353 837 2404">
     <span class='ocr_line' id='line_1_38' title="bbox 264 2353 837 2404; baseline -0.007 -13"><span class='ocrx_word' id='word_1_292' title='bbox 264 2358 302 2404; x_wconf 74' lang='lat' dir='ltr'>la)</span> <span class='ocrx_word' id='word_1_293' title='bbox 342 2356 422 2392; x_wconf 79' lang='lat' dir='ltr'>[ab.</span> <span class='ocrx_word' id='word_1_294' title='bbox 447 2356 473 2391; x_wconf 79' lang='lat' dir='ltr'>l.</span> <span class='ocrx_word' id='word_1_295' title='bbox 500 2368 551 2398; x_wconf 82' lang='lat'>77.</span> <span class='ocrx_word' id='word_1_296' title='bbox 603 2353 691 2390; x_wconf 82' lang='lat' dir='ltr'>Tab.</span> <span class='ocrx_word' id='word_1_297' title='bbox 721 2354 758 2387; x_wconf 93' lang='lat' dir='ltr'>V.</span> <span class='ocrx_word' id='word_1_298' title='bbox 785 2363 837 2396; x_wconf 82' lang='lat'>47.</span> 
     </span>
    </p>
   </div>
  </div>
 </body>
</html>
