1971 2672
683 151 835 182 π
869 132 1212 194 (nme-*2-

337 255 374 310 ᾗ.
416 266 487 303 13.
541 251 630 294 Nifi
666 249 794 304 igitur
830 247 925 289 istae
961 246 1071 287 vires
1108 242 1302 284 laterales
1341 241 1395 283 ita
1432 241 1590 284 fuerint
1625 255 1747 284 com-

143 331 336 380 paratae,
372 319 500 360 maria
536 317 578 358 in
614 313 831 370 superficie
853 312 1018 354 Terrae
1053 309 1096 349 in
1133 305 1388 360 aequilibrio
1426 307 1634 348 subsistere
1672 320 1746 348 ne-

147 395 334 443 queunt,
386 384 454 424 sed
492 383 534 423 in
569 389 774 437 perpetua
817 376 1047 431 agitatione
1091 371 1378 419 versarentur,
1434 370 1474 410 id
1515 373 1631 425 quod
1665 372 1746 412 im-

143 451 292 506 primis
339 446 665 501 intelligendum
711 443 792 494 est,
819 441 870 482 ·si
908 451 1022 481 totus
1060 438 1223 480 Terrae
1271 434 1425 490 globus
1472 447 1525 474 ex
1573 436 1744 477 materia

144 515 274 556 fluida
311 512 539 559 constaret;
585 520 675 550 tum
720 508 859 559 enim,
911 503 1067 546 etiamsi
1104 501 1297 554 suprema
1334 497 1573 553 superficies
1619 501 1744 540 talem

144 578 324 633 figuram
362 576 606 629 accepillet,
649 584 694 614 vt
729 573 837 612 vires
875 570 1068 617 totales,·
1098 565 1251 620 quibus
1298 563 1456 619 singula
1500 564 1651 617 puncta
1687 564 1744 604 ibi

145 642 441 691 sollicitantur,
477 639 604 679 essent
640 638 689 677 ad
725 634 854 688 ipsam
891 630 1158 686 superficiem
1195 629 1434 678 normales,
1473 637 1610 668 tamen
1651 630 1746 680 quia

144 707 187 746 in
226 705 456 746 maioribus
501 698 863 756 profunditatibus
909 709 1016 750 aqua
1062 708 1146 735 non
1194 694 1305 734 foret
1342 696 1381 734 in
1422 693 1589 745 quiete,
1644 705 1748 732 mm<

146 771 219 811 ille
257 770 351 810 situs
387 766 727 822 perturbaretur,
774 774 912 816 neque
950 761 1079 816 igitur
1116 768 1204 800 tota
1241 758 1380 800 Terra
1416 757 1467 798 ad
1504 766 1663 797 certam
1701 755 1750 796 fi-

147 847 296 890 guram
332 833 370 874 sc
407 841 670 884 componere
705 827 854 882 posset.

341 971 375 1027 §.
418 985 490 1023 14.
552 967 824 1011 Manifestum
859 975 999 1008 autem
1035 965 1116 1017 est,
1151 964 1277 1005 talem
1314 962 1453 1017 legem
1492 963 1601 1004 circa
1636 963 1747 1004 vires

149 1037 340 1080 laterales
377 1038 418 1077 in
455 1035 537 1090 ipsa
575 1045 719 1075 natura
754 1033 899 1073 locum
938 1031 1093 1071 habere
1125 1029 1245 1070 nullo
1268 1030 1401 1068 modo
1439 1029 1579 1081 posse,
1617 1041 1750 1081 quan-

149 1103 386 1156 doquidem
422 1113 501 1154 pro
539 1097 723 1147 minimis
760 1110 793 1144 a,
817 1106 965 1144 centro
981 1094 1157 1144 [serrae
1194 1093 1392 1143 distantiis
1430 1093 1506 1133 hae
1543 1092 1652 1132 vires
1691 1094 1749 1134 la-

150 1168 300 1207 terales
338 1167 378 1205 in
418 1165 627 1205 infinitum
672 1161 990 1211 excrescerent,
1042 1157 1285 1200 cuiusmodi
1329 1156 1499 1197 efferans
1537 1156 1587 1197 ab
1625 1166 1750 1197 attra-

149 1231 290 1270 c‘tione
328 1241 471 1269 mutua
509 1228 754 1280 neutiquam
791 1226 891 1267 oriri
928 1223 1085 1278 potest3
1121 1223 1231 1263 vnde
1269 1235 1348 1276 pro
1385 1232 1503 1262 certo
1540 1220 1747 1262 affirmare

150 1295 389 1348 poffumus:
427 1292 469 1332 Si
508 1301 594 1330 tota
615 1291 751 1330 Terra
788 1290 887 1330 ess‘et
923 1288 1068 1337 fluida,
1105 1288 1194 1328 cius
1226 1285 1490 1342 superficiem
1526 1298 1749 1340 nunquam

149 1357 198 1398 ad
237 1355 373 1396 vllum
409 1355 556 1396 statum
591 1353 831 1408 aequilibrii
865 1353 1089 1408 peruenire
1124 1351 1254 1406 posse.

342 1503 378 1555 ξ.
422 1514 492 1551 15.
564 1502 676 1544 Cum
713 1512 853 1543 autem
890 1502 1077 1543 maxime
1111 1502 1337 1542 verisimile
1373 1501 1444 1552 sit,
1489 1502 1615 1542 maria
1652 1513 1752 1540 nus-

153 1579 279 1620 quam
325 1575 480 1606 tantam
527 1567 863 1620 profunditatem
917 1579 1163 1619 occupare,
1215 1576 1261 1606 vt
1313 1566 1534 1606 discrimen
1589 1565 1750 1605 nostrae

153 1629 361 1671 formulae
415 1643 492 1684 pro
548 1630 573 1671 S
630 1631 825 1670 inuentae
877 1643 897 1670 a
952 1643 1048 1671 vera
1110 1630 1204 1683 lege
1267 1630 1557 1679 attractionis,
1622 1641 1751 1684 quae-

153 1707 320 1747 cunque
357 1707 404 1733 ea
441 1693 593 1745 fucrit,
645 1706 833 1746 vnquam
871 1693 1009 1735 sentiri
1049 1704 1198 1747 queat,
1242 1694 1427 1748 ideoque
1465 1694 1665 1748 perinde,
1702 1706 1750 1733 v-

153 1768 264 1798 trum
308 1759 417 1797 vires
463 1758 655 1799 laterales
701 1758 882 1798 nostram
928 1758 1067 1812 legem
1113 1757 1338 1811 sequantur
1373 1771 1422 1798 an
1458 1771 1562 1799 vero
1600 1770 1750 1812 quam-

153 1834 319 1874 cunque
357 1822 503 1872 aliam,
538 1823 684 1876 vtique
720 1821 810 1862 fieri
847 1824 1029 1876 poterit,
1063 1831 1110 1861 vt
1138 1821 1354 1862 minei-sus
1383 1835 1568 1862 oceanus
1605 1823 1646 1862 in
1683 1835 1753 1863 ae-

155 1885 357 1939 quilibrio
394 1885 587 1938 subsistat,
623 1886 828 1940 siquidem
866 1887 934 1927 hic
971 1887 1021 1927 ab
1057 1887 1225 1940 exiguis
1261 1886 1589 1940 agitationibus,
1643 1899 1749 1939 quae

154 1964 174 1990 a
211 1949 402 2003 plurimis
439 1950 578 1990 catulis
615 1952 714 1991 oriri
751 1951 935 2004 possunt,
972 1961 1159 1991 mentem
1197 1951 1502 2003 abstrahamus,
1533 1951 1753 1991 cuiusmo-

154 2015 193 2054 di
233 2013 474 2064 suntxenti,
510 2015 715 2067 imprimis
753 2025 892 2056 autem
930 2015 1106 2056 varietas
1144 2015 1310 2062 caloris,
1379 2015 1489 2057 Cum
1527 2016 1638 2056 enim
1677 2013 1750 2054 sub

155 2088 384 2130 aequatore
422 2078 537 2118 calor
572 2089 779 2132 perpetuo
827 2081 965 2121 multo
1005 2080 1140 2120 maior
1175 2081 1222 2119 sit
1257 2093 1381 2135 quam
1419 2080 1558 2120 versus
1595 2078 1750 2132 polOS,

156 2144 358 2195 quoniam
397 2141 451 2181 ibi
491 2142 664 2184 densitas
700 2157 830 2197 aquae
869 2145 1086 2199 aliquanto
1124 2145 1265 2185 minor
1300 2145 1468 2195 euadit,
1505 2143 1751 2198 aequilibri·

157 2219 227 2246 uin
266 2207 391 2245 ctiam
429 2205 485 2245 ob
524 2207 628 2247 lianc
666 2208 840 2249 caussam
878 2209 1023 2249 locum
1061 2209 1214 2251 habere
1255 2210 1426 2262 nequit,
1462 2208 1530 2250 scd
1564 2221 1641 2264 per
1675 2221 1749 2258 ea,

221 2268 340 2310 Noua
362 2269 465 2309 AcJa
486 2270 615 2311 Acad.
639 2269 657 2310 1
663 2278 739 2325 νηί).
759 2269 793 2312 S
796 2286 828 2313 c.
849 2272 891 2315 T.
914 2272 972 2313 11.
1261 2273 1297 2314 R
1643 2285 1748 2326 quac
