1971 2672
773 184 926 199 ······
959 169 1114 229 (184)
1147 187 1300 203 ····-··

235 295 328 327 tum
363 283 418 338 a)
478 283 694 337 excludit,
747 286 942 340 partique
978 286 1096 327 addit
1129 286 1353 340 inferiori,
1406 285 1603 330 latiorem
1656 290 1840 333 anterius

235 351 285 390 ad
323 351 490 404 apicem
512 349 604 403 b),
655 349 727 390 vbi
764 350 929 403 apicem
964 350 1148 392 includit
1182 362 1350 404 totum,
1386 351 1670 407 inferiorique
1704 355 1841 397 aufert

232 415 341 469 parti
376 415 451 468 c);
503 415 675 456 alteram
718 414 971 455 inferiorem
1005 415 1088 468 d),
1124 415 1323 458 latiorem
1357 416 1564 470 posterius
1610 418 1662 458 ad
1705 419 1840 472 bafin,

233 479 305 519 vbi
340 481 544 534 angulum
578 479 758 521 includit
793 487 960 531 totum,
1013 478 1235 534 aufertque
1272 480 1478 534 superiori
1513 482 1622 535 parti
1659 481 1735 534 e),
1770 497 1839 524 an-

236 544 365 584 terius
409 544 551 585 versus
598 545 763 597 apicem
807 544 1091 598 angustiorem
1134 543 1216 600 f),
1267 545 1341 586 vbi
1378 545 1542 600 apicem
1589 553 1730 586 totum
1765 559 1840 587 ex—

234 609 369 649 cludit
402 608 487 662 g),
536 609 731 663 partique
776 607 985 663 superiori
1031 609 1204 674 addin·
1230 608 1437 664 Superior
1479 622 1575 664 pars
1611 609 1839 651 ventriculi

233 673 452 727 arteriosa,
488 672 666 714 inferior
700 672 859 728 venosa,
896 673 967 714 est.
1035 672 1094 713 Et
1128 681 1269 728 patet,
1320 674 1524 716 venosam
1549 673 1683 715 'fibras
1706 681 1840 714 'com-

230 738 413 791 plec‘tere
450 751 600 778 omnes
637 738 797 779 ordinis
835 737 988 792 primi,
1023 747 1090 789 et⁷
1144 751 1246 792 quas
1283 739 1326 779 in
1362 738 1637 794 sequentibus
1676 739 1840 791 dicam,

230 802 386 856 primas
422 802 548 843 fibras
584 801 668 842 fiue
706 801 920 843 funiculos
958 803 1120 843 ordinis
1157 802 1355 855 secundi,
1413 802 1657 844 arteriosam
1693 813 1839 847 contra

229 865 406 918 reliquis
451 867 604 906 tectam
652 864 825 906 funibus
862 866 940 907 effe
978 876 1020 906 et
1054 865 1171 907 fibris
1209 867 1410 908 omnibus
1448 868 1611 908 ordinis
1649 868 1763 908 tertii
1799 875 1841 908 et

230 930 382 984 quarti.
449 929 576 971 Plura
612 929 663 970 de
699 929 765 971 his
800 929 989 984 partibus
1025 931 1252 973 ventriculi
1287 932 1331 972 in
1368 932 1654 974 dissertatione
1689 927 1768 974 Vm
1788 932 1855 972 de'

228 994 392 1036 actione
435 993 639 1036 fibrarum
684 1004 956 1036 externarum
1000 995 1226 1037 ventriculi
1269 996 1413 1037 finistri
1457 997 1564 1038 dicta
1599 997 1717 1048 sunt,
1767 995 1841 1036 vbi

230 1058 349 1101 causa
383 1059 506 1100 fimul
541 1067 683 1114 patet,
721 1073 796 1100 cur
830 1060 992 1101 necesse
1028 1060 1100 1113 fit,
1148 1069 1196 1101 vt
1230 1061 1465 1102 accuratius
1501 1060 1598 1101 illae
1637 1060 1841 1102 definian-

229 1135 310 1165 tur.
380 1124 584 1179 Denique
628 1125 795 1179 apicem
843 1138 1018 1179 quoque
1061 1125 1288 1166 ventriculi
1333 1125 1477 1166 sinistri
1520 1134 1667 1168 notare
1711 1138 1842 1179 opor-

230 1198 318 1243 tet,
353 1187 400 1243 h)
441 1199 659 1230 remotum
696 1203 718 1230 a
751 1189 908 1230 finibus
946 1203 1095 1230 crenae
1131 1199 1173 1231 et
1207 1191 1351 1244 striae,
1387 1191 1498 1232 inter
1534 1191 1635 1231 duas
1673 1189 1842 1231 distinc-

229 1263 289 1295 tas
326 1263 467 1309 partes
504 1254 705 1308 marginis
743 1263 1021 1307 contentum,
1059 1268 1238 1309 quarum
1274 1255 1472 1308 alteram,
1508 1255 1741 1306 maiorem,
1779 1253 1842 1309 si-

231 1319 392 1373 nisti-um
427 1320 499 1372 i),
552 1319 751 1370 alteram,
804 1319 1044 1371 minorem,
1088 1322 1322 1360 anteriorem
1358 1322 1577 1372 marginem
1611 1319 1663 1371 k)
1701 1319 1840 1369 dicas,

233 1392 277 1423 et
313 1383 365 1423 de
403 1383 584 1437 quibus,
617 1382 679 1422 x‘ti
715 1391 758 1422 et
794 1383 845 1422 de
881 1383 1025 1437 apice,
1060 1383 1215 1436 pariter
1249 1383 1292 1422 in
1328 1382 1598 1435 sequentibus
1636 1389 1796 1437 agetur.

692 1510 786 1552 Fila
820 1511 1086 1565 cartilaginea
1122 1510 1369 1562 corfirmata.

426 1586 520 1628 Fila
556 1587 846 1642 cartt‘laginea,
882 1590 991 1629 inter
1027 1589 1169 1629 cordis
1198 1597 1240 1628 et
1267 1588 1432 1628 finuum
1468 1585 1583 1628 bases
1621 1581 1837 1638 contenta3

230 1667 388 1708 easque
428 1653 750 1706 distinguentia7
801 1654 912 1695 refie
948 1653 1107 1706 vbique
1142 1653 1280 1707 reperi
1319 1652 1518 1706 quidem,
1554 1660 1594 1692 at
1628 1662 1838 1704 nusquam

230 1729 370 1761 tamen
410 1727 496 1759 tam
531 1713 682 1772 magna
719 1727 761 1759 ct
794 1719 974 1774 pulchre
1011 1717 1216 1771 formata,
1257 1730 1384 1772 quam
1419 1717 1461 1756 in
1508 1716 1650 1770 primo
1689 1715 1834 1754 corde.

1675 1778 1834 1832 Neque

278 1910 316 1953 a)
345 1908 430 1942 Tab.
458 1911 512 1942 IV.
533 1922 569 1953 p.
599 1912 644 1956 Q
667 1922 718 1955 50.

278 1958 314 2005 h)
338 1958 422 1993 Tab.
451 1960 503 1992 IV.
531 1967 588 2004 93.
618 1961 661 1993 T.
716 1958 800 1993 Tab.
828 1959 879 1991 VI.
912 1966 940 2000 8.
968 1965 1024 1999 80.
1051 1969 1097 1999 25.

279 2013 315 2051 c)
341 2008 427 2042 Tab.
455 2010 507 2042 1V.
535 2011 571 2042 E.
600 2011 644 2043 T.
672 2021 724 2055 74.
752 2019 803 2050 74.
856 2009 939 2044 Tab.
968 2009 1019 2044 Vi.
1047 2020 1089 2052 55.
1117 2013 1145 2049 8.
1173 2017 1237 2039 101.
1265 2011 1319 2043 83.
1350 2015 1398 2039 22·

279 2058 321 2095 d)
347 2059 433 2092 Tab.
460 2060 499 2092 V.
528 2060 558 2093 F.
587 2059 624 2094 C.
652 2071 685 2101 4.
714 2068 758 2103 55.
786 2059 833 2099 65.
860 2069 903 2099 m„
931 2070 975 2099 1²3-
1028 2058 1113 2093 Ἰώ).
1143 2058 1196 2091 ιζ’,
1222 2068 1273 2100 50.
1293 2067 1331 2101 j).
1361 2056 1403 2096 Q.

277 2105 316 2143 ο)
344 2109 430 2142 Tab.
457 2109 509 2142 VI.
537 2120 560 2154 5.
590 2109 622 2144 F.
651 2120 693 2151 13.
747 2107 832 2142 Tab.
861 2109 913 2142 lv.
941 2113 991 2156 Ox.
1010 2110 1043 2144 P.

271 2158 321 2204 f)
347 2159 433 2194 Tab.
459 2160 513 2192 Vl.
542 2169 587 2203 53.

274 2207 317 2253 g)
345 2208 431 2244 Tab.
459 2210 512 2242 VI.
543 2219 587 2253 55.
615 2213 645 2247 8.
673 2218 738 2241 101.
767 2213 822 2246 80.
849 2217 900 2248 24.

278 2260 317 2299 lt}
343 2259 427 2293 Tab.
456 2260 510 2294 IV.
538 2259 582 2293 T.
636 2257 719 2292 Tab.
749 2258 803 2290 VI.
833 2263 887 2295 80.

277 2309 312 2350 i)
339 2308 423 2342 Tab.
451 2310 503 2341 IV.
530 2308 644 2357 QT.
695 2308 780 2341 Tab.
808 2307 862 2340 VI.
889 2315 931 2347 13.
958 2309 1014 2342 80.

278 2359 312 2404 k)
341 2359 425 2393 ‘sau
453 2359 508 2394 IV.
536 2361 581 2394 T.
608 2360 645 2393 E.
698 2357 783 2394 Tab.
811 2357 864 2390 Vl.
892 2366 923 2398 4.
954 2361 1011 2396 80·
