1971 2672
697 158 1224 213 ==(205).——

220 278 279 318 T.
315 275 366 317 B.
405 273 461 330 Ω.
498 273 654 328 Margo
688 272 915 314 ventriculi
952 281 995 312 et
1031 271 1173 312 cordis
1211 271 1378 312 sinister.

218 353 277 395 T.
313 354 366 395 E.
405 351 561 404 Margo
602 349 820 390 ventriculi
859 347 1001 388 sinistri
1048 346 1260 400 anterior,
1314 347 1482 401 breuis,
1535 350 1585 391 ad
1633 362 1764 405 quem

346 417 387 456 iu
425 414 615 456 inferiori
652 413 871 467 superficie
910 411 1030 453 socus
1068 411 1270 465 inferior,
1324 411 1365 453 in
1404 415 1607 466 superiori
1652 413 1765 456 funi·

347 480 466 521 culus
505 479 735 520 terminalis
774 478 964 533 superior
1002 476 1100 530 (99.
1142 478 1268 531 100.)
1305 476 1561 519 collocatus.

216 559 276 601 T.
314 558 366 600 E.
404 558 488 598 fiue
531 570 632 597 100.
663 572 738 608 99.
776 566 878 601 108.
912 569 1014 606 104.
1047 558 1149 595 106.
1217 554 1368 597 Portio
1403 556 1593 610 regionis
1628 557 1763 598 radia-

347 633 412 664 tae
457 619 688 662 inferioris.
758 620 855 661 Pars
907 618 1108 672 marginis
1153 618 1270 659 enim
1323 619 1406 672 (E.
1444 619 1505 661 T.
1548 629 1619 664 88.
1661 633 1761 670 105.

349 688 475 738 104.)
511 685 642 739 magis
680 685 721 723 in
757 684 882 723 icone
919 683 960 722 in
1007 682 1272 736 superiorem
1314 683 1587 738 superficiem
1631 695 1763 725 retra-

346 752 407 792 ἂιι
443 749 525 801 est⁷
575 759 622 789 vt
658 747 778 788 focus
824 746 1018 801 superior
1062 757 1178 788 totus
1220 747 1262 788 in
1300 761 1350 789 ea
1385 758 1429 789 et
1463 758 1659 790 centrum
1697 745 1764 788 fo-

343 826 495 857 corum
531 812 685 866 (102.)
739 810 1037 866 repraesentari
1075 812 1211 866 poffit.
1280 812 1328 853 In
1366 813 1441 854 situ
1479 814 1657 854 naturali
1697 812 1765 853 su-

341 879 472 922 niculi
506 887 808 933 procurrentes
847 877 943 928 (74.
970 876 1064 928 88.)
1117 877 1158 916 in
1195 875 1286 930 ipso
1323 878 1514 931 margine
1552 878 1613 917 siti
1652 876 1763 929 sunt,

342 943 472 996 (103.
499 955 600 993 104.
627 944 749 994 106.)
796 941 1062 994 minimeque
1097 940 1140 980 in
1179 940 1410 994 superiori,
1448 940 1518 982 sed
1546 941 1686 996 potius
1717 941 1761 981 in

339 1007 533 1049 inferiori
571 1005 789 1059 superficie
826 1016 1049 1060 :lpparent3
1087 1015 1130 1046 et
1166 1003 1381 1046 funiculus
1412 1005 1510 1056 (99.
1538 1005 1664 1057 100.)
1696 1003 1762 1045 su·

339 1071 559 1127 perficiem
597 1070 856 1124 superiorem
903 1070 989 1110 sere
1037 1070 1239 1110 terminat
1280 1083 1379 1110 cum
1415 1069 1758 1112 extremitatibus

341 1136 632 1177 funiculorum
669 1134 800 1189 (103.
842 1140 967 1188 104.)
1003 1134 1046 1174 iu
1083 1134 1209 1174 illum
1243 1133 1425 1176 insertis.

469 1264 540 1305 Ad
578 1277 646 1305 eas
684 1265 907 1305 ventriculi
945 1259 1143 1318 regiones
1179 1263 1509 1319 intelligendas,
1551 1272 1759 1305 notentur

336 1327 406 1368 hic
444 1328 597 1378 etiam,
652 1341 758 1380 quae
794 1330 835 1368 in
874 1328 1147 1381 sequentibus
1194 1329 1363 1382 plenius
1401 1329 1755 1383 explicabuntur:

337 1390 443 1444 (73.
484 1403 557 1444 73.
597 1404 672 1444 73.
712 1406 787 1444 74.
825 1396 922 1444 74.)
993 1391 1224 1433 Funiculus
1278 1405 1536 1446 procurrens
1574 1393 1757 1445 longus,

330 1454 416 1495 fiuc
454 1456 614 1505 maior,
652 1469 739 1509 quo
775 1457 919 1509 pontis
956 1456 1078 1510 regio
1116 1469 1137 1496 a
1172 1457 1350 1510 regione
1389 1456 1572 1509 funium,
1595 1466 1638 1496 et
1674 1467 1758 1496 ter-

335 1519 417 1558 tius
455 1518 656 1558 fibrarum
693 1520 803 1558 ordo
840 1533 861 1559 a
897 1519 1101 1570 secundm
1133 1520 1413 1573 distinguitur.
1452 1522 1549 1573 (83.
1585 1531 1655 1571 84.
1683 1530 1754 1567 85.

337 1584 409 1625 86.
437 1590 508 1633 87.
551 1582 654 1633 88.)
740 1582 970 1624 Fuuiculus
1018 1597 1276 1638 procurrens
1322 1584 1492 1636 breuis,
1546 1585 1629 1625 siue
1676 1585 1755 1624 mi-

337 1658 441 1695 nor,
481 1658 567 1699 quo
604 1647 746 1699 pontis
785 1648 906 1701 regio
943 1662 964 1688 a
1003 1648 1178 1701 regione
1217 1649 1403 1701 radiata,
1439 1659 1483 1689 et
1519 1650 1667 1689 tertius
1706 1648 1755 1687 fi-

335 1709 503 1750 brarum
541 1711 651 1750 ordo
688 1724 709 1750 a
745 1723 922 1764 quarto,
962 1712 1241 1766 distinguitur.
1280 1712 1352 1766 (p.
1394 1725 1466 1762 50.
1508 1713 1613 1766 54.)
1683 1713 1755 1752 Li-

337 1787 413 1814 nea
449 1775 707 1827 diagonalis,
745 1789 833 1828 quo
869 1790 1003 1830 vsque
1041 1777 1083 1816 in
1123 1775 1328 1831 superiori
1367 1776 1587 1831 superficie
1626 1790 1754 1830 appa-

336 1849 433 1888 ret,
486 1852 566 1892 qua
619 1839 780 1880 scilicet
823 1854 917 1895 pars
964 1840 1119 1882 venosa
1162 1842 1391 1882 ventriculi
1447 1842 1497 1882 ab
1553 1840 1752 1883 :u‘terioszx

338 1902 615 1956 distinguitur.
684 1903 747 1946 Vt
783 1905 845 1959 (p.
871 1906 928 1960 Ω.
961 1912 1058 1959 50.)
1094 1918 1200 1959 ergo
1238 1907 1288 1947 ld
1325 1905 1553 1961 ιειιοίὶιιιι,
1594 1906 1664 1960 (p.
1696 1905 1748 1946 C.

335 1965 388 2006 E.
413 1966 470 2006 T.
501 1967 548 2007 Β.
573 1968 668 2022 54.)
704 1969 754 2009 ad
791 1969 1061 2024 arteriofflm,
1097 1970 1323 2026 pertineat.

176 2012 265 2084 'V.
304 2042 402 2084 Pars
440 2043 619 2086 hamatis
656 2046 861 2099 (T.1b.1.
901 2046 996 2102 0.).

206 2120 281 2159 W.
320 2119 488 2161 Arteria
524 2123 798 2175 pulmoualis.

196 2195 258 2236 X.
297 2195 400 2236 Eius
447 2211 595 2240 ramus
620 2200 787 2244 sinister.
840 2202 892 2245 Y.
931 2203 1097 2245 dexter.

207 2264 258 2308 Z.
293 2266 444 2308 Aorta.

948 2335 983 2380 C
1006 2351 1025 2378 c
1065 2349 1087 2386 3
1597 2347 1635 2376 0.
1673 2334 1743 2376 In·
