1971 2672
704 170 856 201 —·········-—
889 154 1012 212 (43)
1045 164 1199 193 ===¹=

321 274 645 325 :1-i-a-ab

545 346 1090 400 1÷a÷2b—-2b(a-‹-b)

801 420 1288 480 1÷a÷4b—3b((1⁴·
1306 416 1386 467 2l’)

1058 490 1644 543 1÷a÷0b—4b(a-÷-3b)

1390 551 1706 617 ἶ-Ῑ-αἶῖἒ-ῑῖ.

774 696 1115 792 Appendix.

415 823 494 876 De
525 817 765 873 fractione
808 817 1045 869 continua
1079 805 1487 867 Brouncheriana.

340 937 379 994 ᾗ.
422 951 494 979 11.
562 934 679 979 Cum
712 934 819 975 olim
856 930 1041 972 multum
1079 926 1242 967 fuiffem
1293 929 1528 976 occupatus
1563 918 1606 960 in
1641 917 1761 961 Ana·-

149 1003 222 1058 lyfi
258 1004 517 1059 indaganda,
571 1013 678 1056 quae
712 994 1004 1040 Brouncherum
1040 993 1091 1035 ad
1126 991 1242 1032 istam
1287 987 1543 1042 fingularem
1588 983 1761 1026 fraftio·

146 1084 247 1113 nem
301 1067 575 1125 perduxerit,
629 1061 980 1120 quandoquidem
1032 1056 1139 1099 mihi
1191 1053 1304 1096 haud
1340 1049 1566 1107 probabile
1604 1049 1660 1090 est
1693 1050 1759 1090 vi-

148 1135 265 1188 sum,
318 1147 416 1176 eum
453 1146 529 1188 per
564 1140 629 1172 tot
664 1128 889 1183 ambages,
947 1124 1092 1179 quales
1129 1134 1151 1162 a
1187 1117 1362 1170 Wallifio
1408 1126 1759 1157 commemoran-

147 1210 231 1252 tur,
267 1213 321 1240 eo
359 1199 475 1240 fuisse
511 1195 788 1252 perductum,
843 1190 1014 1232 tandem
1051 1186 1158 1229 mihi
1195 1183 1370 1238 quidem
1423 1180 1517 1222 satis
1571 1178 1758 1219 dilucide

147 1264 365 1306 ostendisse
402 1263 490 1303 sum
525 1259 663 1311 visus,
698 1256 1028 1300 Brouncherum
1065 1252 1173 1296 hanc
1211 1248 1394 1291 sormam
1416 1258 1471 1287 ex
1506 1245 1609 1286 serie
1630 1243 1760 1284 Leib-

145 1329 311 1370 niziana
352 1321 1039 1377 1—3—1——2—543—-1'1-1-
1073 1326 1154 1359 etc.
1211 1327 1337 1369 quam
1382 1322 1562 1366 magnus
1601 1307 1760 1364 Grego-

144 1394 250 1444 rius,
296 1392 379 1432 iam
417 1399 511 1432 ante
547 1390 793 1440 inuenerat,
831 1384 1048 1427 deduxisse
1084 1381 1227 1437 potius
1266 1390 1393 1434 quam
1430 1388 1486 1417 ex
1521 1374 1759 1428 interpola-

145 1457 263 1496 tione
316 1455 434 1496 seriei
492 1467 542 1506 ι,
575 1455 616 1503 ὲ,
651 1450 743 1523 ζ-ᾖ-Ξ,
795 1451 941 1521 2:322,
994 1447 1193 1518 2:31⁵.sp
1247 1453 1331 1487 etc.
1385 1439 1756 1498 quemadmodum

146 1530 364 1571 Wallifius
402 1529 710 1583 suspicabatur,
745 1530 772 1568 fi
810 1528 983 1581 quidem
1036 1521 1319 1565 consideratio
1372 1517 1486 1559 illius
1523 1515 1640 1556 seriei
1677 1529 1754 1570 pet·

148 1594 422 1637 ratiocinium
457 1594 548 1636 satis
586 1592 760 1648 planum
779 1592 831 1636 ad
857 1590 1037 1633 formam
1056 1585 1452 1631 Brouncherianam
1486 1580 1750 1623 manuducit.

339 1756 377 1811 §.
419 1768 490 1796 12.
558 1754 675 1798 Haec
713 1752 953 1797 obseruatio
983 1763 1123 1795 autem
1152 1762 1264 1794 nunc
1295 1748 1469 1803 quidem
1498 1757 1552 1787 eo
1590 1743 1752 1786 maiore

148 1821 382 1862 attentione
418 1823 543 1876 digna
577 1822 772 1872 videtur,
806 1819 1028 1874 postquam
1059 1816 1155 1860 Cel.
1176 1811 1550 1856 Damssernoullius
1584 1822 1756 1851 memo-

147 1887 251 1926 riam
290 1884 450 1926 formae
469 1886 840 1927 Brouncherianae
869 1896 1075 1926 renouare
1104 1882 1216 1924 haud
1245 1879 1294 1920 fit
1320 1879 1588 1932 dedignatus.
1628 1875 1753 1930 Quo·-

147 1951 258 1991 niam
297 1950 424 2003 igitur
460 1964 543 1991 non
579 1951 635 1992 ita
670 1951 836 2006 pridem
875 1949 1044 1991 facilem
1095 1946 1353 1988 methodum
1408 1940 1584 1997 exposui
1637 1940 1753 1980 istam

148 2014 330 2055 sormam
368 2027 422 2054 ex
459 2014 560 2055 serie
616 2028 633 2054 1
659 2016 1061 2068 ——3—4-{—;-}-
1095 2022 1177 2053 etc.
1217 2009 1454 2059 derhmndi,
1507 2003 1752 2048 Geometris

146 2080 258 2120 haud
296 2079 508 2132 ingratum
548 2078 637 2120 fore
673 2080 877 2132 arbitror,
931 2080 958 2120 fi
995 2077 1250 2120 methodum
1297 2073 1500 2116 inuersam
1537 2071 1578 2110 in
1617 2070 1754 2110 medi-

146 2156 217 2183 um
246 2144 519 2212 protulero,
571 2145 689 2185 cuius
743 2157 825 2200 ope
872 2145 1100 2185 formulam
1145 2139 1538 2185 Brouncherianam
1574 2134 1750 2177 vicissim

146 2208 195 2249 ad
232 2208 382 2250 ieriem
417 2208 736 2251 Leibnizianam
770 2211 975 2252 reducere
1012 2210 1127 2250 licet.

962 2345 995 2386 F
1034 2356 1060 2384 2
1599 2336 1637 2392 ᾗ.
1679 2347 1751 2387 13.
