1971 2672
758 184 909 198 --
944 168 1104 224 (255)
1139 184 1290 209 ξ

219 286 458 337 desideriis,
511 293 558 326 vt
599 286 708 325 inter
743 292 906 333 cetera,
962 283 1014 324 de
1052 282 1206 337 quibus
1245 282 1324 324 alia
1360 285 1605 337 occasione,
1659 285 1710 326 ad
1745 298 1814 327 me

217 352 327 393 mitti
365 351 576 392 curaucrit
611 349 814 390 summam
851 356 1014 401 partem
1038 346 1183 389 Cranii
1223 347 1374 389 Bubali
1406 350 1644 403 eiusmodi,
1681 351 1816 404 quod,

216 429 313 457 cum
359 416 519 469 ingenti
558 413 727 455 Asiatici
773 413 955 454 recentis
1001 413 1144 455 cranio
1179 413 1223 453 in
1260 425 1359 454 meo
1396 414 1539 455 museo
1583 414 1815 469 collatum,

216 481 352 535 duplo
390 481 522 521 maius
559 487 776 534 repertum
812 477 904 518 suit.

409 621 479 664 Ex
515 634 723 663 cornuum
758 620 967 675 positione
1004 621 1108 662 mihi
1145 620 1369 675 probabile
1405 620 1574 662 videtur
1615 633 1700 661 non
1736 622 1814 663 esse

215 686 393 739 Bubali,
431 687 497 727 scd
535 686 704 727 alterius
728 685 882 739 speciei
903 684 1045 724 Boum
1085 684 1396 740 fragmentum:
1433 686 1668 740 resupinata
1702 687 1816 726 enim

216 765 374 791 cornua
411 751 503 792 sunt
538 748 709 790 Bubalis
746 747 974 800 omnibus,
1012 760 1232 805 quotquot
1266 751 1405 792 crania
1444 763 1568 802 vera,
1603 750 1673 790 vel
1708 749 1818 803 figu-

214 826 301 856 rata
337 816 543 856 viderim:
591 812 704 866 (**)
741 823 891 854 notum
927 825 1143 867 praetcrea
1179 815 1236 856 cst
1270 815 1499 866 omnibus,
1535 829 1556 855 a
1593 813 1817 855 Chinensi·

215 880 292 920 bus
340 879 558 934 perplures
602 876 805 917 similibus
851 877 1053 918 cornibus
1098 892 1152 920 ex
1198 879 1440 934 porcellana
1494 878 1614 919 fistos
1666 878 1815 932 vtique

214 943 481 984 venumdari!
517 942 648 982 Ludit
684 951 823 983 tamen
860 941 1089 996 aliquando
1127 943 1287 985 Natura
1324 944 1364 983 in
1403 945 1492 995 his,
1549 943 1607 983 vti
1643 943 1685 983 in
1723 943 1813 983 aliis

214 1007 350 1048 bobus
387 1020 483 1048 nam
520 1018 575 1046 ex
611 1004 705 1046 Asia
741 1007 886 1060 accepi
923 1019 943 1047 a
966 1004 1028 1047 Cl.
1052 1019 1134 1047 van
1151 1008 1221 1048 der
1240 1007 1384 1061 Stcege
1418 1008 1638 1062 egregium
1662 1006 1814 1048 Bubali

214 1072 401 1113 cranium
447 1071 528 1111 sine
575 1083 785 1111 cornuum
820 1070 907 1112 vlla
944 1080 1070 1123 nota,
1121 1081 1165 1112 et
1199 1072 1249 1113 ab
1287 1073 1420 1113 altero
1460 1073 1675 1126 quondam
1714 1084 1813 1111 meo

211 1136 451 1190 discipulo,
509 1147 635 1189 quem
682 1148 798 1176 mors
843 1146 1106 1189 praematura
1161 1137 1284 1177 nobis
1338 1137 1525 1191 eripuit,
1580 1134 1813 1190 Hoffmanno

212 1201 402 1240 cranium
447 1199 599 1242 Bubali
643 1199 815 1241 Asiatici
861 1200 1060 1240 cornibus
1107 1202 1214 1241 adeo
1260 1201 1402 1255 longis
1445 1201 1713 1249 instruftum,
1768 1210 1815 1241 vt

211 1265 350 1319 apices
395 1265 492 1305 osio
536 1264 665 1317 pedes
711 1264 878 1305 rhenol.
925 1278 946 1305 a
991 1263 1028 1304 se
1072 1265 1259 1306 inuicem
1303 1265 1471 1306 distent!
1524 1278 1683 1305 cornua
1728 1264 1812 1318 ips'a

214 1341 235 1377 5
268 1328 398 1382 pedes
436 1328 512 1367 sint
545 1328 696 1381 longa!
751 1328 937 1378 chorda,
973 1340 1028 1367 ex
1065 1329 1145 1368 basi
1183 1330 1233 1370 ad
1270 1331 1433 1384 apicem
1471 1331 1697 1369 incur-uum
1736 1330 1814 1368 du·

209 1393 270 1432 (ta
307 1406 336 1442 4
371 1392 467 1445 ped.
505 1404 601 1432 cum
640 1403 662 1440 3
701 1391 834 1445 poll.;
869 1391 1038 1432 videtur
1071 1390 1258 1433 Sloaniur
1293 1393 1404 1434 Phil.
1443 1391 1595 1433 Trans.
1633 1392 1811 1445 abi-idgd

209 1454 488 1506 byBadham‚
524 1455 660 1495 Tom.
685 1455 808 1496 VIlI.
847 1469 941 1509 pag.
970 1469 1072 1504 191.
1109 1457 1287 1498 similem
1324 1457 1462 1498 lusum
1501 1470 1710 1497 cornuum
1748 1457 1812 1497 in-

211 1519 381 1559 dicasse:
419 1519 522 1559 haec
559 1518 690 1572 pedes
729 1521 770 1556 6.
807 1518 937 1572 longa
972 1518 1118 1572 fuere,
1154 1522 1316 1562 chorda
1352 1522 1498 1576 4pcd.
1539 1533 1559 1570 5
1583 1520 1690 1575 poll.
1729 1531 1810 1561 cet.

401 1660 472 1702 Ex
507 1658 713 1713 positione
750 1672 959 1701 cornuum
990 1663 1121 1715 primo
1158 1663 1406 1705 adBufiilos
1445 1677 1528 1705 non
1567 1663 1806 1717 pertinuisse

211 1722 384 1771 cense03
427 1723 596 1777 secundo
649 1725 765 1778 quod
810 1723 980 1766 foueam
1017 1727 1293 1779 lacrymalem
1330 1729 1514 1770 habuisse
1551 1728 1806 1782 videantur,

212 1789 363 1842 quibus
399 1787 551 1830 Bubali
589 1799 728 1830 carent
762 1802 931 1830 omncs.

1648 1889 1806 1944 Quaeri

254 2032 347 2081 (u)
387 2036 501 2069 Crania
531 2039 676 2084 gigantea
711 2038 832 2074 ssbirica
869 2038 1018 2088 equidem
1052 2054 1173 2075 cornua
1206 2044 1312 2075 minus¹
1349 2041 1496 2076 reclinata
1535 2043 1652 2076 liabent
1684 2040 1806 2088 vulgari

405 2097 528 2133 Bubaio
559 2098 759 2143 domestico,
797 2104 899 2149 magis
926 2112 1034 2136 tamen
1063 2116 1158 2150 quam
1187 2104 1294 2144 Vsus,
1331 2114 1361 2137 et
1387 2106 1522 2138 carinam
1552 2115 1584 2137 vr
1611 2101 1722 2136 iridem
1752 2105 1808 2135 Bu-

407 2161 482 2196 balis
508 2160 583 2197 sunt.
635 2164 750 2200 Forsan
774 2164 956 2213 {aliquando
993 2165 1167 2202 innotescat
1202 2170 1302 2213 magi<
1336 2170 1474 2201 maxima
1509 2167 1560 2200 ilia
1590 2166 1678 2214 stirps*
1705 2168 1806 2201 Bubass

405 2222 514 2259 lorum
541 2227 572 2259 iu
597 2225 705 2274 alpino
732 2229 810 2273 iugo
837 2226 1002 2263 Tibetana
1035 2241 1131 2276 regna
1159 2229 1444 2262 circumambiente
1477 2225 1671 2276 spontanea,
1717 2231 1805 2262 cuius

405 2289 436 2320 in
466 2285 677 2336 descriptione
705 2291 812 2325 Bubali
848 2294 1046 2338 grunnienris
1082 2294 1286 2326 mentionem
1314 2294 1431 2332 inieci3
1469 2302 1499 2325 et
1524 2304 1620 2340 quam
1648 2305 1732 2326 nunc
1760 2289 1804 2325 s..-

405 2348 511 2398 spicor
537 2355 639 2389 emnia
664 2354 770 2391 nostra
796 2352 914 2392 sossilia
942 2358 1082 2391 maxima
1108 2354 1275 2404 quondam
1301 2353 1520 2404 suppeditasse.
1571 2357 1701 2392 Pallas.
