1971 2672
671 210 824 224 -—--
856 192 1013 248 (133)
1047 208 1199 221 ...—

138 316 358 376 gnitudine
377 327 463 356 non
484 313 645 364 solum,
683 310 1049 368 quemadmodum
1084 308 1126 350 in
1162 307 1297 364 prima
1317 307 1616 362 descriptione,
1638 318 1736 348 eum

136 387 180 426 in
216 382 307 425 aliis
344 381 544 422 cordibus
565 387 780 433 repertum
801 377 897 427 eise,
920 387 1199 427 monueram,
1236 373 1375 414 multo
1414 386 1538 425 quam
1575 374 1616 413 in
1654 372 1739 426 pri·

137 461 213 490 mo
233 447 362 488 corde
386 444 680 500 speciosiorem
715 443 758 483 in
793 455 911 484 nouo
947 441 1031 481 hoc
1068 439 1224 491 corde,
1260 438 1330 479 sed
1367 435 1524 477 fabrica
1563 448 1738 491 quoque

138 523 183 555 et
217 512 414 553 structura
449 520 534 551 tam
569 506 817 564 pulchrum,
851 506 891 547 se
935 504 1155 560 praebuit,
1205 512 1253 544 vt
1293 501 1554 558 peculiarem
1599 500 1739 540 cordis

138 586 305 634 partem
341 587 439 615 eum
476 572 580 626 eisc,
634 582 782 614 notatu
826 571 1012 613 maxime
1058 570 1254 623 dignam,
1308 566 1446 607 multo
1481 565 1740 606 luculentius

141 655 255 683 nunc
299 648 509 694 appareat.
584 637 828 690 Explicabo
871 644 1013 675 autem
1057 645 1151 674 eam
1198 632 1439 673 structuram
1483 628 1743 685 peculiarem

140 705 213 746 vbi
250 705 302 746 de
336 704 454 745 fibris
491 701 789 744 circumflexis·
814 698 976 740 sinistris
1013 698 1228 753 agendum
1261 697 1356 737 erit.

167 832 289 875 Aliae
322 827 514 886 quaedam
542 836 683 884 partes
718 829 886 870 eiusdem
921 828 1148 870 addendae:
1185 826 1368 882 Angulus
1402 824 1532 867 cordis·
1555 821 1728 878 fim'ster,

222 910 331 958 apex
365 901 574 945 ventriculi
606 901 782 958 finistri,
816 908 959 956 partes
993 899 1163 941 eiusdem
1206 896 1397 952 arteriosa
1434 904 1471 936 et
1506 893 1664 948 venosa.

163 1037 165 1039 .
203 1038 206 1042 ,
332 998 472 1042 Pauca
504 998 641 1042 modo
676 998 754 1049 iis,
801 1010 912 1053 ,quae
948 997 1000 1039 de
1035 995 1228 1051 partibus
1265 994 1405 1036 cordis
1442 991 1544 1033 nudi
1580 991 1622 1031 in
1658 988 1745 1044 pri·

141 1077 212 1113 ma
247 1063 674 1112 differtationedixi,
694 1062 886 1104 addenda
922 1061 1028 1102 sunt.
1095 1059 1277 1114 Angulus
1306 1058 1435 1100 cordis
1459 1054 1639 1111 finIster,
1675 1062 1747 1095 aut

137 1135 242 1182 pars
275 1126 441 1182 gibboso
478 1127 686 1168 wntriculi
716 1125 866 1182 sinistri
901 1126 976 1180 a),
1028 1126 1140 1167 haud
1183 1124 1324 1166 minus
1361 1121 1498 1163 notari
1535 1128 1746 1170 meretur,

142 1205 272 1247 ,quam
308 1192 486 1245 angulus
523 1191 696 1244 dexter,
738 1202 780 1232 et
807 1198 910 1246 pars
946 1188 1137 1243 arteriosa
1175 1201 1347 1244 quoque
1382 1201 1404 1228 a
1437 1183 1587 1239 venosa
1623 1183 1664 1223 in
1700 1181 1749 1222 si-

143 1255 272 1302 nistro
309 1268 467 1309 aeque,
503 1265 629 1310 atque
664 1257 706 1296 in
743 1256 896 1297 dextro
932 1267 1026 1296 eam
1062 1253 1356 1304 distinxeram,
1404 1248 1646 1292 ventriculo
1685 1247 1747 1286 di-

143 1318 389 1373 stinguenda
434 1319 503 1359 est.
589 1319 822 1373 Distinguit
865 1329 1004 1360 autem
1049 1331 1117 1359 eas
1162 1327 1302 1372 partes
1338 1317 1448 1357 linea
1485 1312 1748 1368 diagonalis,

145 1395 251 1436 quae
287 1395 309 1423 a
343 1381 426 1423 fine
463 1382 524 1424 fili
561 1383 818 1437 cartilaginei
854 1382 1078 1424 anterioris
1114 1382 1256 1422 sinistri
1291 1380 1364 1435 b),
1402 1378 1638 1420 conformis
1686 1375 1748 1416 di-

142 1446 320 1487 rectioni
355 1445 582 1499 fibrarum,
634 1447 812 1502 oblique
848 1446 1120 1488 finistrorsum
1155 1447 1207 1488 ad
1243 1445 1481 1499 marginem
1517 1443 1663 1493 duc‘ia,
1698 1438 1748 1492 c)

144 1510 188 1550 in
222 1509 472 1550 inferiorem
516 1524 646 1563 porro
691 1511 958 1564 superficiem
1003 1510 1144 1551 transit
1179 1510 1262 1563 d),
1314 1521 1495 1563 eamque
1539 1504 1749 1562 percurrit

145 1572 222 1625 e),
276 1573 628 1626 terminalemque
676 1572 921 1614 fasciculum
966 1573 1214 1615 inferiorem
1249 1586 1384 1628 prope
1419 1574 1510 1612 eius
1546 1569 1749 1625 principi-

146 1648 219 1676 um
257 1635 435 1677 secando
470 1635 523 1691 s)
559 1637 601 1677 in
637 1637 843 1679 vallecula
887 1639 1058 1679 tandem
1103 1638 1247 1679 finitur
1281 1638 1362 1692 g);
1417 1649 1550 1691 eaque
1587 1634 1747 1675 ratione

145 1700 430 1740 ventriculum
468 1701 507 1740 in
545 1701 645 1743 duas
689 1713 828 1756 partes
874 1702 1069 1756 obliquas
1114 1703 1305 1753 diuidit,-
1341 1702 1512 1742 alteram
1559 1698 1750 1752 superio·

145 1776 237 1804 rem
271 1763 353 1817 h),
407 1765 612 1819 posterius
649 1766 700 1807 ad
737 1766 845 1807 basin
893 1767 1173 1821 angustiorem
1217 1767 1286 1821 ἱ),
1338 1766 1409 1806 vbi
1446 1763 1648 1819 angulum
1685 1772 1749 1802 to-

1658 1835 1750 1866 tum

196 1967 241 2015 ⁰)
267 1968 351 2001 T21‘·
380 1970 400 2001 ¹·
428 1980 465 2002 ¹0-
494 1981 549 2014 59·
575 1973 628 2011 62.
678 1973 762 2009 Tab.
790 1972 845 2009 lv.
867 1985 903 2019 p.
929 1974 1047 2021 Q50.

191 2019 228 2061 b)
257 2018 340 2051 Tab.
368 2019 419 2051 lV.
444 2030 478 2062 p.

193 2072 228 2104 t)
258 2067 340 2100 Tub.
369 2069 419 2100 lv.
452 2079 504 2107 50.
533 2079 582 2111 54.

195 2117 238 2156 d)
266 2117 349 2149 Tab.
378 2118 429 2150 Vl.
458 2127 502 2157 14.
531 2129 570 2161 ¹5·

195 2165 232 2209 e)
261 2167 344 2199 Tab.
374 2168 427 2199 Vl.
456 2169 503 2209 65.
531 2178 572 2211 55.
600 2167 653 2207 68.

186 2214 231 2261 s)
260 2216 343 2249 ται).
373 2217 427 2249 w.
456 2218 488 2250 6.

191 2271 231 2311 g)
258 2265 340 2298 Tab.
369 2267 421 2298 vi.
452 2271 481 2304 3.
510 2276 574 2300 ¹01.

194 2314 230 2370 (Ι)
259 2315 343 2348 Tab.
372 2316 423 2347 IV·
447 2327 483 2358 p·
509 2317 548 2352 C.
574 2315 608 2349 K.
634 2314 671 2348 E.
697 2311 733 2348 T
768 2313 808 2350 R.
835 2325 882 2360 54.
910 2325 956 2360 5²·
1003 2313 1093 2350 Tab.
1119 2315 1172 2348 Vl.
1200 2323 1242 2358 ις.
1270 2313 1318 2356 65.
1342 2312 1400 2352 68.
1429 2322 1477 2346 ιο.
1505 2319 1568 2353 119.
1596 2318 1636 2353 ¹5·

194 2363 228 2412 ι)
256 2364 341 2400 Tab.
371 2365 424 2406 IV,
450 2375 494 2408 5²·
515 2366 571 2399 60.
