1971 2672
733 167 882 172 ψ..
920 133 1074 188 (262)

187 249 335 301 molis,
375 256 553 302 quantae
590 244 662 300 ipsi
699 248 976 301 praeprimis,
1032 261 1052 288 a
1090 247 1150 288 W.
1187 247 1364 288 Humero
1401 248 1659 303 tribuuntur,
1691 264 1795 292 con-

189 318 325 356 tinere
362 312 566 366 potuerit.
633 311 935 365 Responde-bat
969 311 1068 352 huic
1106 313 1250 367 palato
1286 312 1461 354 maxilla
1491 314 1797 356 inferioreius-

188 381 287 421 dem
323 376 464 418 Musei
499 389 520 416 a
558 373 618 416 W.
656 375 828 415 flumem
883 376 995 417 Phil.
1035 376 1185 418 Trans.
1224 377 1329 419 Vol.
1371 386 1442 427 58.
1479 391 1522 431 p.
1554 391 1630 427 42.
1675 382 1794 420 omni

188 458 288 485 cura
337 439 668 496 repraesentata,·
727 440 919 480 continet
962 441 1172 482 maiorem
1219 442 1394 482 dentem
1439 455 1538 482 cum
1575 442 1795 485 tuberibus

187 518 397 564 quatuor,
435 505 580 544 definit
615 505 800 544 anterior
835 505 992 545 minor.
1061 506 1303 546 Adnotauit
1339 504 1407 546 Cl.
1445 504 1663 547 Michaelis
1697 507 1796 548 huic

188 572 388 614 maxillae
424 569 604 609 similem
641 578 853 622 repertam
892 570 1008 610 luiffe
1046 583 1145 611 cum
1183 568 1423 624 fragmento
1460 570 1599 626 palati.

380 696 624 739 Verisimile
660 698 790 750 igitur
825 697 898 748 est,
936 697 1089 738 animal
1126 698 1233 739 illud
1270 711 1473 752 magnum
1512 699 1702 753 quidem,
1729 701 1798 741 sed

186 763 308 806 nullo
343 763 478 802 modo
516 761 787 801 cai-uiuorum
810 790 822 811 ,
872 775 1012 815 neque
1049 762 1296 816 Elephauto
1332 763 1464 803 fimile
1503 762 1653 816 fuisse,
1694 766 1797 818 quid

186 830 238 868 de
275 839 328 866 eo
367 825 632 865 sentiendum
670 825 732 875 fit,
768 826 852 864 iam
888 826 1075 866 incertus
1113 827 1292 867 haereo!
1331 827 1472 869 Vobis
1509 821 1639 879 solis,
1676 827 1795 869 soda-

185 892 246 932 les
285 888 577 929 Inlustriffimi!
625 888 837 942 contingit
873 889 988 929 adire
1027 888 1305 930 Corinthum.
1375 891 1508 944 Agite
1546 895 1726 946 quaeso,
1755 902 1797 933 et

185 955 424 995 examinate
474 952 617 992 omnia
652 952 724 993 illa
761 953 844 993 ossa
881 951 1027 994 foffilia
1065 967 1171 1006 quae
1209 955 1251 993 in
1287 954 1444 995 Museo
1480 956 1617 997 Acad.
1655 957 1797 1011 Impe-

182 1019 297 1061 rialis
351 1027 463 1057 tanta
515 1017 639 1070 copia
690 1017 981 1070 reperiuntur3
1037 1028 1079 1058 et
1123 1018 1253 1059 facito
1298 1028 1343 1059 vt
1387 1020 1609 1073 cognitum
1646 1022 1797 1062 euadat

185 1083 339 1124 animal
376 1081 495 1122 cuius
530 1081 736 1135 reliquiae
774 1091 839 1121 tot
876 1080 1081 1123 Celebres
1117 1083 1223 1123 Hist.
1259 1083 1361 1125 Nat.
1401 1082 1606 1125 Cultores
1651 1085 1795 1127 frustra

184 1154 537 1201 occupauerunt,
573 1155 699 1199 atque
736 1146 996 1199 superarunt.

379 1274 422 1316 Si
459 1275 542 1315 offa
580 1272 774 1325 femoris,
813 1273 925 1315 forte
962 1273 1158 1327 fortuna,
1195 1275 1443 1329 interspersa
1478 1278 1795 1329 reperirentur,

185 1340 491 1382 attendendum
544 1338 691 1377 sedulo
736 1338 786 1377 ad
832 1351 984 1378 eorum
1020 1340 1187 1390 capita:
1242 1350 1386 1378 carent
1421 1340 1651 1392 Elephanti
1689 1341 1795 1393 liga·

185 1413 335 1444 mento
373 1402 528 1452 tereti,
568 1401 685 1453 quod
722 1403 762 1440 in
798 1401 1103 1441 Rhinocerotis
1142 1401 1233 1441 offis
1272 1402 1449 1442 femoris
1487 1403 1623 1455 capite
1659 1404 1793 1443 adest:

187 1466 250 1508 Os
299 1466 473 1506 femoris
529 1464 831 1504 Rhinocerotis
877 1465 1027 1505 asiatici
1072 1477 1305 1517 maguam,
1358 1467 1670 1517 compressam„
1724 1466 1794 1506 sed

183 1531 415 1573 rotundam
451 1529 578 1569 habet
613 1528 848 1582 apophyfin
884 1528 992 1568 infra
1028 1528 1365 1568 trochauterem.
1419 1527 1531 1568 Illud
1561 1527 1794 1582 Elephanti

186 1596 243 1637 est
277 1593 532 1647 aequabile,
568 1593 727 1645 absque
763 1591 854 1633 vllo
891 1593 1119 1648 processu,
1155 1601 1342 1647 excepto
1379 1592 1650 1633 trochantere
1672 1621 1685 1645 ,
1723 1593 1795 1647 qui

184 1660 228 1701 in
263 1669 447 1712 Vtroque
483 1657 664 1711 simplex
698 1656 767 1697 est.

383 1786 511 1839 Spina
563 1785 752 1840 scapulae
803 1787 844 1826 iu
891 1786 1137 1840 Elephanto
1184 1784 1346 1826 furcam
1381 1784 1697 1840 repraesentat,
1749 1786 1794 1827 in

188 1851 482 1894 Rhinocerote
518 1863 711 1903 vncum,
747 1850 944 1892 deorsum
979 1851 1250 1892 incuruatum
1286 1858 1329 1889 et
1362 1850 1605 1891 retrorsum.

380 1978 472 2019 Hac
509 1979 673 2019 ratione
709 1980 862 2033 posteri
898 1980 1013 2021 'lente
1054 1978 1251 2033 quidem,
1285 1977 1355 2019 sed
1392 1979 1457 2019 his
1493 1978 1674 2019 instrucffi
1713 1978 1793 2018 ob-

186 2043 494 2085 seruationibus
534 2053 673 2083 totum
711 2046 879 2085 taudem
918 2044 1159 2095 mysterium
1191 2043 1475 2085 extricabunt.
1529 2043 1709 2085 Gaudeo
1731 2043 1795 2083 in-

187 2118 302 2148 terea
339 2109 671 2161 quammaxime,
711 2110 845 2161 quod,
879 2109 1001 2150 venia
1038 2108 1420 2149 Inlustriffimorum
1457 2108 1616 2149 Britan.
1653 2106 1793 2147 Musei

190 2171 465 2223 Curatorum7
502 2186 556 2213 ex
593 2172 815 2226 duplicatis
854 2174 961 2214 duos
983 2173 1130 2213 dentes
1152 2173 1334 2214 molares
1359 2171 1647 2224 Ohioneuses,
1671 2184 1794 2224 egre-

188 2236 282 2291 gios
305 2265 318 2289 ‚
354 2237 460 2278 mihi
499 2250 746 2292 comparare
783 2238 973 2286 licuerit3
1018 2237 1212 2292 aliosque
1250 2238 1462 2279 delineare
1486 2266 1499 2290 ‚
1535 2237 1646 2277 inter
1683 2248 1790 2288 quos

1689 2312 1791 2353 pro-
