1971 2672
701 179 854 192 —-
886 162 1039 217 (123)
1073 181 1223 204 =1=

155 280 372 326 virationis
409 291 460 320 ne
497 277 776 320 determinare
797 276 971 331 quidem
1007 275 1126 326 licet,
1148 275 1220 316 nisi
1250 275 1332 315 iam
1362 286 1455 319 ante
1483 278 1617 334 figura
1638 280 1752 324 Ter·

155 362 225 390 rae
263 359 359 388 cum
396 343 585 385 vniuersa
621 343 710 384 eius
747 343 943 383 structura
988 340 1114 381 fuerit
1149 340 1345 394 cognita,
1399 346 1752 400 quandoquidem

155 412 307 454 harum
340 410 495 451 x'irium
532 407 828 450 determinatio
865 419 950 447 non
987 405 1122 446 solum
1159 418 1181 446 a
1208 405 1407 445 densitate
1443 411 1638 451 materiae
1675 425 1752 465 per

156 485 290 517 totam
328 475 510 515 Terram
555 472 772 527 dispositae
816 471 884 512 sed
929 471 1056 511 etiam
1101 469 1151 510 ab
1187 468 1271 522 ipsa
1306 468 1453 524 figura-
1475 481 1647 515 externa
1684 486 1751 517 to-

156 541 236 581 tius
274 539 435 580 Terrae
473 538 652 592 pendet5
705 537 816 577 vnde
854 535 944 576 satis
981 534 1258 586 intelligitur,
1311 533 1419 575 hanc
1462 535 1751 590 inuelligatio-

152 617 252 646 nem
300 613 365 644 tan
389 615 520 656 opere
565 602 643 641 effe
689 600 1002 649 absconditam,
1056 608 1100 636 vt
1143 598 1234 638 cius
1280 597 1464 652 perfec‘ta
1517 600 1749 653 explicatio

151 668 272 709 nullo
312 667 444 708 modo
481 665 629 718 sperari
667 663 801 716 pOffit·
872 661 1091 716 Quicquid
1127 661 1242 702 enim
1278 675 1300 702 a
1337 660 1584 704 Geometris
1629 666 1751 720 super

149 732 234 774 hoc
272 739 522 784 argumento
559 729 600 767 in
636 727 826 767 medium
862 725 918 766 est
953 725 1142 776 allatum,
1178 727 1306 766 meris
1336 726 1643 780 hypothesibus
1679 731 1754 772 iis-

151 809 234 849 que
271 794 461 849 precario
489 792 670 833 assumtis
706 791 926 845 innititur,
964 803 1070 844 quae
1095 789 1351 846 plerumque
1373 792 1481 834 adeo
1503 794 1622 834 omui
1647 808 1753 850 pro·

151 859 366 901 habilitate
403 856 696 898 destituuntur.

343 954 376 1008 §.
413 970 457 1006 4.
529 953 658 1008 Quod
706 952 733 992 fi
776 964 880 992 vero
926 952 1032 993 hanc
1076 950 1392 1005 inquifitionem
1444 956 1749 1007 generaliffime

150 1019 353 1072 suscipere
396 1019 607 1068 relinitis,
661 1017 777 1057 binas
822 1017 914 1056 illas
958 1016 1105 1067 vires,
1159 1016 1311 1068 quibus
1354 1017 1538 1071 singulae
1584 1021 1747 1064 Terrae

148 1083 377 1136 particulae
416 1082 452 1122 Z
488 1082 717 1122 secundum
764 1080 1016 1120 direc‘tiones
1062 1078 1158 1120 ZC
1194 1089 1237 1120 et
1271 1078 1356 1121 ZS
1402 1082 1459 1122 ob
1494 1085 1747 1136 grauitatem

148 1147 426 1187 vnitierlalcm
480 1145 789 1196 sollicitantur,
843 1143 1094 1198 generaliter
1137 1144 1179 1183 in
1225 1155 1477 1198 computum
1531 1148 1745 1191 introduci

149 1211 402 1260 conueniet,
455 1213 565 1249 vnde
609 1219 749 1249 autem
796 1208 852 1248 ob
897 1210 1101 1248 lummam
1153 1209 1472 1267 generalitatem
1508 1211 1582 1253 vix
1627 1215 1747 1267 quic·

149 1286 272 1326 quam
311 1273 520 1313 conclude
546 1285 568 1312 e
605 1273 773 1320 licebit;
819 1285 916 1312 cum
954 1285 1040 1312 non
1076 1271 1260 1324 constet,
1311 1286 1333 1313 a
1368 1273 1621 1328 quibusnam
1659 1278 1745 1319 ele-

146 1337 299 1375 mentis
335 1336 429 1375 istae
466 1336 575 1376 vires
611 1337 796 1390 pendere
833 1335 910 1375 {int
945 1334 1200 1384 censendae3
1238 1335 1301 1377 vis
1330 1338 1502 1390 quidem
1538 1340 1657 1393 prior
1691 1343 1744 1384 ad

145 1410 337 1439 centrum
385 1397 422 1440 C
465 1412 617 1452 vrgens
662 1399 872 1454 probabili
923 1400 1087 1440 ratione
1136 1400 1342 1441 functioni
1387 1403 1570 1456 cuipiam
1617 1405 1743 1459 ipsius

144 1462 355 1503 distantiae
410 1462 445 1504 C
471 1461 628 1504 Zzz
671 1464 1003 1517 proportionalis
1057 1463 1174 1504 statui
1217 1464 1333 1518 posse
1367 1467 1561 1519 videtur,
1616 1464 1752 1522 quam'

145 1526 410 1578 designemus
455 1526 593 1566 littera
642 1527 674 1565 7.
697 1556 710 1577 7
745 1528 872 1567 altera
907 1540 1012 1567 vero
1047 1527 1109 1567 vis
1146 1528 1328 1568 lateralis
1378 1529 1608 1571 secundum
1657 1533 1740 1575 ΖΒ

146 1602 251 1641 quae
288 1589 335 1628 lit
371 1602 431 1627 Ξ
456 1589 509 1640 S,
553 1590 770 1630 manifesto
809 1604 891 1630 non
930 1589 1064 1630 solum
1101 1605 1123 1631 a
1159 1592 1346 1633 distantia
1384 1592 1420 1634 C
1443 1594 1604 1636 Z--z
1639 1610 1743 1650 pei.-

144 1652 242 1692 dere
278 1653 436 1705 potest,
483 1653 549 1693 sed
596 1652 762 1707 insuper
806 1654 1008 1708 angulum
1042 1654 1085 1695 A
1107 1653 1143 1695 C
1165 1654 1201 1695 Z
1235 1657 1291 1696 ita
1327 1657 1549 1699 inuoluere
1586 1661 1743 1714 debet,

141 1726 187 1755 vt
222 1714 268 1756 ea
303 1727 526 1757 euanescat
562 1727 645 1758 tam
682 1717 773 1758 casu
805 1731 891 1770 quo
914 1719 982 1757 ide
1019 1719 1196 1771 angulus
1232 1721 1468 1772 euanescit,
1506 1736 1631 1775 quam
1670 1726 1739 1766 xbi

142 1778 190 1818 fit
224 1781 383 1827 redum
423 1781 622 1833 quoniam
660 1793 714 1821 ex
751 1782 808 1821 rei
847 1793 989 1822 natura
1023 1784 1199 1824 euidens
1235 1784 1316 1835 est,
1361 1785 1473 1826 istam
1511 1787 1599 1827 vim
1637 1782 1742 1829 larcss

143 1842 274 1883 ralem
312 1854 393 1883 tam
431 1845 469 1883 in
506 1858 636 1898 aequa
660 1859 734 1884 ore
771 1845 858 1886 CA
898 1859 1022 1899 quam
1060 1847 1100 1885 in
1138 1860 1215 1887 axe
1253 1847 1336 1888 CB
1373 1862 1627 1892 euanescere
1665 1855 1740 1894 de-

143 1906 269 1957 bere,
306 1907 508 1961 liquidem
544 1910 706 1950 nullum
745 1909 798 1948 cll
837 1910 1013 1950 dubium
1060 1910 1159 1964 quin
1205 1920 1289 1952 tam
1337 1912 1408 1952 sub
1454 1915 1564 1968 polis
1611 1930 1736 1967 quam

143 1971 183 2010 in
223 1982 447 2024 aequatorc
484 1973 624 2013 omnia
668 1987 847 2027 corpora
894 1975 1047 2015 direc'ie
1091 1974 1231 2016 versus
1277 1988 1468 2017 centrum
1508 1977 1544 2018 C
1582 1978 1737 2020 sollici-

143 2044 308 2084 tentur,
348 2035 623 2086 quamobrem
670 2038 755 2076 vim
801 2038 914 2078 illam
961 2040 1134 2079 alteram
1171 2039 1196 2080 S
1235 2050 1432 2093 tanquam
1473 2040 1734 2086 func‘iionem

143 2097 335 2138 binarum
373 2099 633 2139 xariabilium
671 2099 707 2142 C
729 2101 763 2141 Z
785 2115 887 2143 :z
923 2113 965 2142 et
1002 2101 1095 2144 CX
1117 2116 1227 2144 :x
1262 2104 1428 2160 spediari
1466 2107 1731 2160 oportebit..

335 2193 370 2245 ξ.
409 2209 449 2243 4.
521 2194 598 2234 Ηίς
636 2196 761 2249 igitur
796 2199 1050 2251 praenotaas
1086 2199 1262 2252 figuram
1301 2199 1463 2241 Terrae
1501 2200 1731 2246 secundum

139 2257 346 2312 principia
381 2258 618 2313 aequilibrii
653 2260 900 2315 fluidorum,
921 2265 1283 2317 quen-,admodum
1314 2277 1361 2305 ca
1388 2266 1431 2305 in
1455 2265 1586 2306 Toni.
1611 2268 1728 2308 Nm.

959 2328 999 2382 Q
1041 2341 1064 2366 2
1574 2346 1727 2373 izouor.
