1971 2672
188 281 1756 327 Μ

611 379 1298 435 COMMENTATIO

904 482 1005 525 DE

277 576 722 654 CVRVIS
808 573 1633 649 TRACTORIIS·

853 725 1045 767 Auc‘tore

739 820 787 862 L.
838 819 1166 863 EVLERO.

542 986 726 1026 Commu.
764 984 899 1025 exhib.
930 986 968 1024 α’.
1006 998 1076 1034 19.
1113 983 1197 1023 Iun.
1233 997 1367 1035 1775.

894 1156 930 1210 §-
973 1169 1011 1196 1.

152 1230 337 1342 Quae
375 1253 478 1295 olim
515 1253 801 1297 aGeometris
840 1253 891 1293 de
929 1253 1070 1294 curuis
1108 1251 1316 1293 trac‘toriis
1354 1250 1448 1293 sunt
1481 1251 1757 1308 inuestignta‚

295 1332 534 1371 quanquam
571 1320 621 1359 ad
660 1319 892 1359 doctrinam
929 1327 1074 1358 motus
1109 1317 1322 1371 pertinere
1350 1318 1577 1369 videntur,
1615 1329 1756 1359 tamen

149 1383 270 1424 nullo
309 1383 441 1423 modo
488 1383 538 1423 ad
574 1382 875 1424 Mechanicam
928 1381 1076 1423 referri
1129 1381 1321 1435 possunt:
1375 1382 1590 1423 eiusmodi
1640 1384 1757 1425 enim

150 1446 377 1501 hypothesi
413 1447 675 1498 innituntur,
713 1460 819 1500 quae
850 1447 960 1487 veris
998 1446 1216 1500 principiis
1253 1455 1398 1487 motus
1434 1446 1654 1488 manifesto
1690 1461 1757 1489 re-

152 1512 350 1564 fragatur.
421 1510 575 1551 Nihilo
611 1525 714 1552 vero
752 1511 927 1563 minus,
979 1510 1149 1552 admissa
1202 1509 1272 1551 ista
1323 1510 1574 1566 hypothesi,
1625 1512 1653 1553 fi
1688 1526 1754 1553 res

150 1585 314 1615 tantum
367 1575 630 1627 geometrice
685 1575 998 1627 commeretur,
1055 1588 1160 1630 qnae
1213 1574 1336 1628 super
1380 1576 1465 1617 hoc
1501 1587 1754 1631 argumento

151 1639 244 1679 sunt
279 1638 451 1678 inuenta
488 1639 605 1677 omni
644 1639 877 1678 attentione
915 1639 1041 1692 digna
1084 1639 1176 1679 sunt
1219 1640 1431 1692 putanda,
1484 1651 1607 1694 atque
1646 1642 1753 1682 adeo

150 1704 201 1744 ab
238 1702 497 1756 experientia
534 1703 607 1743 vix
652 1703 842 1743 aberrare
889 1702 1037 1743 solent.
1108 1702 1408 1758 Quamobrem
1444 1704 1557 1746 haud
1603 1706 1752 1746 inutile

152 1766 244 1807 fore
295 1766 501 1817 arbitror,
555 1776 693 1806 totum
732 1766 816 1807 hoc
863 1768 1086 1820 negotium
1141 1767 1374 1809 accuratius
1425 1769 1675 1824 perscrutati
1712 1780 1755 1812 ct

152 1830 380 1872 secundum
416 1844 514 1872 vera
550 1841 693 1872 motus
729 1831 937 1886 principia
974 1831 1218 1872 diiudicare.

344 1957 380 2010 §-
423 1972 460 1998 2.
531 1957 797 2002 Confidcrari
835 1968 975 2001 autem
1015 1959 1122 2002 solet
1155 1961 1249 2014 xia,
1287 1974 1414 2018 quam
1451 1964 1752 2017 corpusculum

152 2022 274 2076 super
338 2023 464 2075 pl·1no
516 2023 775 2066 horizontali
828 2024 1061 2078 delciibit,
1113 2027 1215 2067 dum
1269 2041 1353 2082 ope
1407 2027 1466 2068 fili
1522 2028 1752 2071 lecundum

152 2086 308 2126 lineam
364 2086 444 2126 siue
508 2089 659 2130 metam
720 2090 802 2130 siue
864 2103 1038 2131 curnam
1098 2093 1391 2145 protr·1hitur;
1454 2103 1579 2146 atque
1644 2095 1749 2136 haec

156 2150 341 2203 quaestio
395 2151 449 2190 ita
501 2152 549 2191 ad
603 2152 896 2195 Geometriam
954 2157 1145 2196 reuocari
1198 2156 1327 2208 solet,
1387 2166 1433 2197 vt
1488 2170 1615 2200 curua
1676 2160 1749 2201 dc-

153 2214 302 2267 scripta
355 2225 563 2268 perpetuo
599 2230 619 2256 a
658 2217 885 2260 dirediione
923 2218 981 2259 fili
1021 2229 1237 2274 tangatur,
1291 2233 1415 2275 atque
1452 2222 1558 2262 adeo
1595 2236 1745 2265 omnes

152 2287 372 2334 tangentes
409 2280 519 2321 istius
558 2293 709 2324 cut-uae
745 2283 974 2339 descriptae
997 2297 1132 2339 vsque
1161 2286 1213 2327 ad
1250 2286 1429 2341 lincam,
1465 2286 1582 2330 iuxta
1619 2302 1746 2342 quam

936 2348 980 2390 A
1016 2361 1041 2386 2
1624 2353 1748 2395 filum
