1971 2672
714 184 868 200 —-
902 168 1026 227 (22)
1059 185 1214 213 Ξ

150 290 294 350 grauia
327 300 416 331 vno
451 283 626 329 minuto
656 284 844 328 secundo
880 285 1136 327 delabuntur
1157 314 1172 337 ,
1225 283 1418 327 celeritas
1454 294 1597 328 autem
1632 297 1654 327 c
1687 299 1763 341 pet

150 357 331 414 spatium
365 366 453 396 vno
497 353 665 393 minuto
701 351 888 392 secundo
924 349 1262 405 percurrendum
1297 351 1574 406 exprimatur.
1646 351 1764 393 Hine

148 424 281 479 igitur
316 420 345 461 fi
381 417 535 470 frictio,
569 426 617 457 vt
649 416 784 471 vulgo
821 415 927 456 sumi
980 414 1112 468 solet,
1148 415 1295 457 tertiae
1331 416 1439 471 parti
1473 416 1675 472 ponderis
1711 416 1765 457 M

150 495 382 542 aequetur,
416 492 464 524 vt
497 482 546 523 fit
579 481 611 522 F
633 481 816 534 Ξ-ξΜ,
853 482 934 522 erit
968 490 1139 535 tempus
1179 494 1265 535 quo
1300 490 1446 522 motus
1482 481 1651 536 penitus
1687 493 1765 522 ex-

393 547 512 568 —3c

150 552 358 607 tinguitur
393 576 537 621 ..ῃ-ἐ,
573 547 686 588 vnde
724 559 823 587 cum
858 546 1182 601 propemodum
1216 545 1264 586 fit
1297 558 1402 601 g:
1424 548 1480 584 16
1515 547 1612 600 ped.
1648 546 1780 588 Lon--

150 632 239 674 din.
276 638 318 672 et
352 640 373 670 c
406 626 451 668 in
485 623 643 666 iisdem
678 622 861 680 pedibus
898 622 1188 679 exprimatur,
1222 622 1296 664 fiet
1330 632 1426 664 t:
1446 620 1477 677 3³2
1497 635 1519 664 c
1551 623 1651 678 ped.

344 768 381 824 ς.
421 777 496 819 38.
565 766 827 821 Plerumque
878 774 1020 808 autem
1056 764 1099 806 in
1135 764 1387 806 huiusmodi
1431 763 1621 805 motibus
1659 770 1768 805 trac-

151 837 274 879 toriis
311 835 504 875 celeritas
542 832 797 885 corporibus
842 831 1036 885 impress‘a
1073 843 1093 870 c
1128 839 1214 870 tam
1250 830 1403 883 exigua
1440 830 1520 870 effe
1556 829 1687 880 solet,
1722 826 1784 869 vt'

151 899 472 954 tempusculum
507 897 558 937 ad
594 905 740 935 motus
793 896 1105 936 extinctionem
1159 894 1408 947 requifitum
1443 904 1459 935 t
1493 893 1629 934 sensus
1667 906 1769 934 nos--

151 975 241 1007 tros
277 962 469 1017 effugiat.
507 959 551 1003 Si
587 961 704 1001 enim
741 959 949 1001 celeritati
971 971 1087 1013 cpes
1123 957 1290 1012 integer
1324 958 1559 1011 tribuatur,
1597 967 1767 1012 tempus

151 1030 259 1072 istud
296 1037 463 1070 tantum
499 1026 579 1067 erit
612 1024 670 1077 ἐξ,
722 1024 913 1078 ideoque
968 1023 1203 1077 nequidem
1257 1022 1424 1064 decima
1474 1036 1567 1077 pars
1613 1023 1770 1063 minuti

153 1094 353 1145 secundi,
410 1091 528 1146 quod
573 1102 703 1130 nemo
750 1087 871 1130 facile
917 1088 1141 1129 obseruare
1186 1088 1337 1142 potest.
1407 1088 1575 1130 Verum
1608 1087 1637 1127 fi
1675 1087 1769 1141 quis

153 1159 266 1201 forte
303 1158 387 1199 tale
424 1153 739 1210 tempusculum
777 1154 1056 1195 animaduerti
1092 1153 1208 1207 posse
1246 1153 1493 1205 contendat,
1528 1151 1665 1207 probe
1701 1153 1772 1194 hic

152 1223 537 1280 perpendendum,
575 1219 737 1259 nullam
771 1219 861 1259 vim
898 1218 1139 1258 trahentem
1175 1218 1231 1258 ita
1266 1217 1405 1259 subito
1443 1218 1593 1258 ceffare
1628 1217 1771 1271 poffe,

156 1287 528 1344 quemadmodum
562 1285 605 1324 in
644 1284 727 1325 hoc
766 1283 933 1325 calculo
971 1283 1287 1336 supposuimus,
1324 1282 1394 1323 sed
1430 1283 1574 1337 potius
1611 1281 1777 1336 paulla-

155 1354 234 1394 tim
270 1353 319 1394 ad
358 1352 542 1392 nihilum
577 1348 738 1401 redigi3
775 1349 889 1388 vnde
925 1346 1083 1387 mirum
1120 1359 1207 1386 non
1244 1347 1301 1385 est
1336 1346 1363 1384 fi
1401 1347 1485 1386 hoc
1530 1348 1774 1398 tempuscu-

157 1420 249 1460 lum
285 1417 410 1470 plane
447 1427 533 1456 non
571 1412 797 1454 obseruare
833 1412 960 1463 licet,
1018 1410 1220 1464 quoniam
1266 1419 1411 1449 motus
1448 1409 1652 1450 extinctio
1687 1409 1773 1449 iam

158 1493 254 1525 ante
288 1481 480 1536 incepit,
519 1490 646 1533 quam
682 1478 745 1518 vis
784 1476 952 1518 trahens
990 1476 1041 1517 ad
1076 1475 1261 1516 nihilum
1299 1473 1378 1514 fuit
1414 1474 1631 1528 perducta.

355 1633 392 1689 ξ.
432 1644 507 1684 39.
577 1631 649 1674 Ex
693 1631 759 1673 his
788 1631 879 1673 ‘iam
916 1629 1198 1685 intelligitur,
1251 1627 1356 1670 tales
1394 1639 1571 1677 curuae,
1625 1626 1772 1681 quales

160 1701 363 1744 hactenus
400 1711 476 1753 per
513 1697 726 1740 calculum
779 1696 873 1738 sunt
908 1694 1132 1746 definitae,
1168 1694 1348 1748 produci
1386 1706 1470 1733 non
1507 1691 1647 1745 posse,
1701 1691 1775 1731 nifi

161 1766 286 1819 super
324 1764 453 1821 plano
490 1763 754 1804 horizontali
808 1762 902 1803 satis
948 1760 1119 1814 asper03
1174 1767 1389 1813 praeterea
1423 1769 1526 1797 vero
1564 1755 1773 1809 imprimis

160 1830 326 1873 necess‘e
381 1828 462 1868 effe
504 1836 552 1866 vt
587 1837 758 1879 motus,
813 1839 899 1880 quo
936 1824 1055 1865 filum
1093 1824 1381 1879 protrahitur,
1430 1821 1477 1860 s1t
1513 1833 1599 1861 non
1637 1820 1776 1860 solum

162 1893 432 1943 lentiffimus,
476 1890 547 1932 sed
592 1892 720 1933 etiam
766 1904 842 1945 per
886 1889 1108 1931 interualla
1161 1887 1365 1941 temporis
1421 1898 1547 1939 quam
1598 1885 1776 1926 minima

162 1960 334 2017 penitus
384 1957 541 1997 sistatur
575 1966 618 1997 et
655 1956 766 2010 quasi
811 1969 886 2011 per
922 1955 1047 1996 saltus
1082 1961 1319 2009 peragatur.
1390 1950 1541 1992 Statim
1577 1950 1689 1990 enim
1728 1962 1775 1991 ac

164 2033 310 2066 motus
347 2022 409 2063 fili
447 2020 575 2062 fuerit
611 2023 860 2073 continuus,
897 2033 1041 2072 curua,
1066 2031 1190 2073 quam
1222 2015 1522 2070 corpusculum
1551 2015 1776 2066 describet,

165 2090 403 2145 plurimum
441 2087 651 2128 aberrabit
686 2100 707 2127 a
736 2086 962 2127 Tradioria
996 2083 1183 2138 vulgari:
1222 2081 1464 2123 cuiusmodi
1502 2089 1643 2120 autem
1681 2093 1777 2120 cur·

171 2168 264 2195 vam
294 2153 342 2194 fit
370 2151 699 2207 descripturum,
721 2151 748 2191 fi
771 2150 894 2191 filum
930 2159 1051 2191 motu
1081 2148 1289 2189 continuo
1324 2145 1610 2201 protrahatur,
1649 2157 1776 2198 quae-

166 2220 246 2260 stio
282 2218 340 2258 est
385 2219 574 2259 maxime
611 2217 763 2267 ardua,
815 2216 884 2256 cui
937 2213 1211 2256 resoluendae
1246 2211 1440 2264 Analysis
1476 2210 1549 2250 vix
1586 2209 1775 2250 sufficere

167 2284 374 2339 videtur,
425 2284 477 2326 ad
514 2283 636 2339 quod
666 2281 975 2326 ostendendum
1011 2279 1151 2323 casum
1202 2278 1350 2322 saltem
1400 2275 1789 2332 fimpliciffimum,

1685 2349 1775 2392 quo
