<?xml version="1.0" encoding="UTF-8"?>
<!DOCTYPE html PUBLIC "-//W3C//DTD XHTML 1.0 Transitional//EN"
    "http://www.w3.org/TR/xhtml1/DTD/xhtml1-transitional.dtd">
<html xmlns="http://www.w3.org/1999/xhtml" xml:lang="en" lang="en">
 <head>
  <title>
</title>
<meta http-equiv="Content-Type" content="text/html;charset=utf-8" />
  <meta name='ocr-system' content='tesseract 3.04.00' />
  <meta name='ocr-capabilities' content='ocr_page ocr_carea ocr_par ocr_line ocrx_word'/>
</head>
<body>
  <div class='ocr_page' id='page_1' title='image "./novaactaacademia02impe_0244.png"; bbox 0 0 1971 2672; ppageno 0'>
   <div class='ocr_carea' id='block_1_1' title="bbox 745 159 1279 214">
    <p class='ocr_par' dir='ltr' id='par_1_1' title="bbox 745 159 1279 214">
     <span class='ocr_line' id='line_1_1' title="bbox 745 159 1279 214; baseline -0.006 -14"><span class='ocrx_word' id='word_1_1' title='bbox 745 174 898 200; x_wconf 76' lang='lat'>==</span> <span class='ocrx_word' id='word_1_2' title='bbox 932 159 1092 214; x_wconf 82' lang='lat'><em>(122)</em></span> <span class='ocrx_word' id='word_1_3' title='bbox 1127 175 1279 191; x_wconf 87' lang='lat'><strong>—--·</strong></span> 
     </span>
    </p>
   </div>
   <div class='ocr_carea' id='block_1_2' title="bbox 1127 192 1279 200">
    <p class='ocr_par' dir='ltr' id='par_1_2' title="bbox 1127 192 1279 200">
     <span class='ocr_line' id='line_1_2' title="bbox 1127 192 1279 200; baseline 0 2472"><span class='ocrx_word' id='word_1_4' title='bbox 1127 192 1279 200; x_wconf 95' lang='lat' dir='ltr'> </span> 
     </span>
    </p>
   </div>
   <div class='ocr_carea' id='block_1_3' title="bbox 204 271 1822 843">
    <p class='ocr_par' dir='ltr' id='par_1_3' title="bbox 204 271 1822 843">
     <span class='ocr_line' id='line_1_3' title="bbox 205 271 1815 328; baseline -0.001 -11"><span class='ocrx_word' id='word_1_5' title='bbox 205 272 299 318; x_wconf 82' lang='lat' dir='ltr'>CB</span> <span class='ocrx_word' id='word_1_6' title='bbox 322 287 383 314; x_wconf 72' lang='lat' dir='ltr'>z:</span> <span class='ocrx_word' id='word_1_7' title='bbox 407 286 426 312; x_wconf 89' lang='lat'>1</span> <span class='ocrx_word' id='word_1_8' title='bbox 482 285 562 328; x_wconf 88' lang='lat' dir='ltr'>pro</span> <span class='ocrx_word' id='word_1_9' title='bbox 606 271 843 314; x_wconf 81' lang='lat' dir='ltr'>semi-axe</span> <span class='ocrx_word' id='word_1_10' title='bbox 889 274 1053 314; x_wconf 82' lang='lat' dir='ltr'>Terrae</span> <span class='ocrx_word' id='word_1_11' title='bbox 1099 274 1355 328; x_wconf 80' lang='lat' dir='ltr'>accipiatur,</span> <span class='ocrx_word' id='word_1_12' title='bbox 1407 272 1546 315; x_wconf 81' lang='lat' dir='ltr'>littera</span> <span class='ocrx_word' id='word_1_13' title='bbox 1580 288 1605 317; x_wconf 87' lang='lat' dir='ltr'><em>z</em></span> <span class='ocrx_word' id='word_1_14' title='bbox 1641 275 1815 318; x_wconf 81' lang='lat' dir='ltr'>denotat</span> 
     </span>
     <span class='ocr_line' id='line_1_4' title="bbox 206 337 1818 392; baseline 0.001 -12"><span class='ocrx_word' id='word_1_15' title='bbox 206 340 438 380; x_wconf 84' lang='lat' dir='ltr'>distantiam</span> <span class='ocrx_word' id='word_1_16' title='bbox 476 338 683 392; x_wconf 72' lang='lat' dir='ltr'>cuiusque</span> <span class='ocrx_word' id='word_1_17' title='bbox 719 338 948 391; x_wconf 73' lang='lat' dir='ltr'>particulae</span> <span class='ocrx_word' id='word_1_18' title='bbox 981 337 1016 378; x_wconf 87' lang='grc' dir='ltr'><em>Ζ</em></span> <span class='ocrx_word' id='word_1_19' title='bbox 1038 351 1058 378; x_wconf 91' lang='lat' dir='ltr'>a</span> <span class='ocrx_word' id='word_1_20' title='bbox 1095 349 1242 379; x_wconf 87' lang='lat' dir='ltr'>centro</span> <span class='ocrx_word' id='word_1_21' title='bbox 1279 348 1413 379; x_wconf 87' lang='lat' dir='ltr'>terrac</span> <span class='ocrx_word' id='word_1_22' title='bbox 1447 337 1510 389; x_wconf 71' lang='lat' dir='ltr'>C,</span> <span class='ocrx_word' id='word_1_23' title='bbox 1547 350 1586 380; x_wconf 84' lang='lat' dir='ltr'>at</span> <span class='ocrx_word' id='word_1_24' title='bbox 1619 355 1650 381; x_wconf 79' lang='lat' dir='ltr'><strong><em>x</em></strong></span> <span class='ocrx_word' id='word_1_25' title='bbox 1686 342 1818 381; x_wconf 84' lang='lat' dir='ltr'>inter-</span> 
     </span>
     <span class='ocr_line' id='line_1_5' title="bbox 204 399 1819 457; baseline -0.001 -11"><span class='ocrx_word' id='word_1_26' title='bbox 204 404 368 446; x_wconf 77' lang='lat' dir='ltr'>vallum</span> <span class='ocrx_word' id='word_1_27' title='bbox 404 401 501 445; x_wconf 88' lang='lat' dir='ltr'>CX</span> <span class='ocrx_word' id='word_1_28' title='bbox 538 401 712 442; x_wconf 68' lang='lat' dir='ltr'>demisso</span> <span class='ocrx_word' id='word_1_29' title='bbox 762 415 818 441; x_wconf 80' lang='lat' dir='ltr'>ex</span> <span class='ocrx_word' id='word_1_30' title='bbox 853 399 890 442; x_wconf 90' lang='lat' dir='ltr'>Z</span> <span class='ocrx_word' id='word_1_31' title='bbox 926 401 975 442; x_wconf 90' lang='lat' dir='ltr'>ad</span> <span class='ocrx_word' id='word_1_32' title='bbox 1014 400 1112 442; x_wconf 90' lang='lat' dir='ltr'>CA</span> <span class='ocrx_word' id='word_1_33' title='bbox 1156 403 1466 457; x_wconf 81' lang='lat' dir='ltr'>perpendiculo</span> <span class='ocrx_word' id='word_1_34' title='bbox 1506 401 1625 457; x_wconf 84' lang='lat' dir='ltr'>CX,</span> <span class='ocrx_word' id='word_1_35' title='bbox 1677 406 1819 446; x_wconf 79' lang='lat' dir='ltr'>littera</span> 
     </span>
     <span class='ocr_line' id='line_1_6' title="bbox 208 467 1818 524; baseline 0 -15"><span class='ocrx_word' id='word_1_36' title='bbox 208 481 313 509; x_wconf 75' lang='lat' dir='ltr'>vero</span> <span class='ocrx_word' id='word_1_37' title='bbox 338 467 372 524; x_wconf 88' lang='lat' dir='ltr'><em>f</em></span> <span class='ocrx_word' id='word_1_38' title='bbox 399 468 574 508; x_wconf 80' lang='lat' dir='ltr'>denotat</span> <span class='ocrx_word' id='word_1_39' title='bbox 619 477 844 506; x_wconf 82' lang='lat' dir='ltr'>numerum</span> <span class='ocrx_word' id='word_1_40' title='bbox 885 475 971 517; x_wconf 82' lang='lat'>289</span> <span class='ocrx_word' id='word_1_41' title='bbox 1009 479 1064 506; x_wconf 82' lang='lat' dir='ltr'>ex</span> <span class='ocrx_word' id='word_1_42' title='bbox 1107 477 1229 508; x_wconf 83' lang='lat' dir='ltr'>motu</span> <span class='ocrx_word' id='word_1_43' title='bbox 1274 467 1494 520; x_wconf 78' lang='lat' dir='ltr'>vertiginis</span> <span class='ocrx_word' id='word_1_44' title='bbox 1533 467 1693 509; x_wconf 81' lang='lat' dir='ltr'>Terrae</span> <span class='ocrx_word' id='word_1_45' title='bbox 1747 482 1818 509; x_wconf 90' lang='lat' dir='ltr'>or-</span> 
     </span>
     <span class='ocr_line' id='line_1_7' title="bbox 209 528 1818 586; baseline 0 -14"><span class='ocrx_word' id='word_1_46' title='bbox 209 542 326 581; x_wconf 85' lang='lat' dir='ltr'>tum;</span> <span class='ocrx_word' id='word_1_47' title='bbox 378 541 470 572; x_wconf 85' lang='lat' dir='ltr'>tum</span> <span class='ocrx_word' id='word_1_48' title='bbox 513 544 616 572; x_wconf 81' lang='lat' dir='ltr'>vero</span> <span class='ocrx_word' id='word_1_49' title='bbox 660 530 802 570; x_wconf 82' lang='lat' dir='ltr'>littera</span> <span class='ocrx_word' id='word_1_50' title='bbox 839 528 876 572; x_wconf 86' lang='lat' dir='ltr'>C</span> <span class='ocrx_word' id='word_1_51' title='bbox 912 531 968 570; x_wconf 88' lang='lat' dir='ltr'>est</span> <span class='ocrx_word' id='word_1_52' title='bbox 1007 532 1214 584; x_wconf 75' lang='lat' dir='ltr'>quantitas</span> <span class='ocrx_word' id='word_1_53' title='bbox 1261 532 1453 572; x_wconf 81' lang='lat' dir='ltr'>constans</span> <span class='ocrx_word' id='word_1_54' title='bbox 1491 544 1545 571; x_wconf 79' lang='lat' dir='ltr'>ex</span> <span class='ocrx_word' id='word_1_55' title='bbox 1588 532 1677 586; x_wconf 83' lang='lat' dir='ltr'>ipso</span> <span class='ocrx_word' id='word_1_56' title='bbox 1714 532 1818 573; x_wconf 79' lang='lat' dir='ltr'>statu</span> 
     </span>
     <span class='ocr_line' id='line_1_8' title="bbox 206 594 1822 650; baseline -0.001 -12"><span class='ocrx_word' id='word_1_57' title='bbox 206 597 372 639; x_wconf 84' lang='lat' dir='ltr'>Terrae</span> <span class='ocrx_word' id='word_1_58' title='bbox 410 596 743 636; x_wconf 77' lang='lat' dir='ltr'>determinanda.</span> <span class='ocrx_word' id='word_1_59' title='bbox 814 594 961 636; x_wconf 86' lang='lat' dir='ltr'>Primo</span> <span class='ocrx_word' id='word_1_60' title='bbox 997 596 1126 650; x_wconf 81' lang='lat' dir='ltr'>igitur</span> <span class='ocrx_word' id='word_1_61' title='bbox 1161 597 1364 650; x_wconf 70' lang='lat' dir='ltr'>punctum</span> <span class='ocrx_word' id='word_1_62' title='bbox 1400 595 1671 636; x_wconf 77' lang='lat' dir='ltr'>indefinitum</span> <span class='ocrx_word' id='word_1_63' title='bbox 1698 594 1734 636; x_wconf 88' lang='grc' dir='ltr'>Ζ</span> <span class='ocrx_word' id='word_1_64' title='bbox 1753 610 1822 637; x_wconf 88' lang='lat' dir='ltr'>ca-</span> 
     </span>
     <span class='ocr_line' id='line_1_9' title="bbox 207 659 1816 718; baseline -0.002 -17"><span class='ocrx_word' id='word_1_65' title='bbox 207 662 348 718; x_wconf 84' lang='lat' dir='ltr'>piatur</span> <span class='ocrx_word' id='word_1_66' title='bbox 382 661 424 701; x_wconf 88' lang='lat' dir='ltr'>in</span> <span class='ocrx_word' id='word_1_67' title='bbox 459 660 551 714; x_wconf 89' lang='lat' dir='ltr'>ipso</span> <span class='ocrx_word' id='word_1_68' title='bbox 587 659 693 714; x_wconf 88' lang='lat' dir='ltr'>polo</span> <span class='ocrx_word' id='word_1_69' title='bbox 729 659 783 711; x_wconf 72' lang='lat' dir='ltr'>B,</span> <span class='ocrx_word' id='word_1_70' title='bbox 816 659 976 713; x_wconf 84' lang='lat' dir='ltr'>fietque</span> <span class='ocrx_word' id='word_1_71' title='bbox 1011 673 1170 708; x_wconf 54' lang='grc' dir='ltr'>Δεῖος</span> <span class='ocrx_word' id='word_1_72' title='bbox 1208 670 1249 702; x_wconf 80' lang='lat' dir='ltr'>at</span> <span class='ocrx_word' id='word_1_73' title='bbox 1283 661 1457 714; x_wconf 76' lang='lat' dir='ltr'>prodire</span> <span class='ocrx_word' id='word_1_74' title='bbox 1496 659 1623 700; x_wconf 87' lang='lat' dir='ltr'>debet</span> <span class='ocrx_word' id='word_1_75' title='bbox 1656 672 1816 711; x_wconf 56' lang='lat'>2111,</span> 
     </span>
     <span class='ocr_line' id='line_1_10' title="bbox 207 712 1820 778; baseline -0.002 -11"><span class='ocrx_word' id='word_1_76' title='bbox 207 727 321 767; x_wconf 82' lang='lat' dir='ltr'>vnde</span> <span class='ocrx_word' id='word_1_77' title='bbox 359 724 577 778; x_wconf 81' lang='lat' dir='ltr'>colligitur</span> <span class='ocrx_word' id='word_1_78' title='bbox 624 712 814 764; x_wconf 82' lang='lat' dir='ltr'>constatis</span> <span class='ocrx_word' id='word_1_79' title='bbox 853 723 971 766; x_wconf 75' lang='lat' dir='ltr'>C:</span> <span class='ocrx_word' id='word_1_80' title='bbox 989 730 1026 776; x_wconf 58' lang='grc' dir='ltr'>ᾗ.</span> <span class='ocrx_word' id='word_1_81' title='bbox 1099 724 1227 765; x_wconf 89' lang='lat' dir='ltr'>Nunc</span> <span class='ocrx_word' id='word_1_82' title='bbox 1273 727 1477 778; x_wconf 66' lang='lat' dir='ltr'>punctum</span> <span class='ocrx_word' id='word_1_83' title='bbox 1523 721 1561 764; x_wconf 91' lang='lat' dir='ltr'><em>Z</em></span> <span class='ocrx_word' id='word_1_84' title='bbox 1597 724 1820 764; x_wconf 81' lang='lat' dir='ltr'>transfera-</span> 
     </span>
     <span class='ocr_line' id='line_1_11' title="bbox 209 787 1822 843; baseline -0.002 -12"><span class='ocrx_word' id='word_1_85' title='bbox 209 800 277 831; x_wconf 90' lang='lat' dir='ltr'>tur</span> <span class='ocrx_word' id='word_1_86' title='bbox 311 790 353 829; x_wconf 89' lang='lat' dir='ltr'>in</span> <span class='ocrx_word' id='word_1_87' title='bbox 389 798 666 841; x_wconf 83' lang='lat' dir='ltr'>aequatorem</span> <span class='ocrx_word' id='word_1_88' title='bbox 701 787 770 839; x_wconf 82' lang='lat' dir='ltr'>A,</span> <span class='ocrx_word' id='word_1_89' title='bbox 819 798 865 829; x_wconf 80' lang='lat' dir='ltr'>vt</span> <span class='ocrx_word' id='word_1_90' title='bbox 899 788 972 829; x_wconf 83' lang='lat' dir='ltr'>fiat</span> <span class='ocrx_word' id='word_1_91' title='bbox 1004 801 1186 841; x_wconf 75' lang='lat' dir='ltr'>x:z‚</span> <span class='ocrx_word' id='word_1_92' title='bbox 1223 798 1349 843; x_wconf 86' lang='lat' dir='ltr'>atque</span> <span class='ocrx_word' id='word_1_93' title='bbox 1386 787 1613 830; x_wconf 79' lang='lat' dir='ltr'>habebitur</span> <span class='ocrx_word' id='word_1_94' title='bbox 1648 788 1718 828; x_wconf 81' lang='lat' dir='ltr'>ista</span> <span class='ocrx_word' id='word_1_95' title='bbox 1753 800 1822 828; x_wconf 88' lang='lat' dir='ltr'>ae-</span> 
     </span>
    </p>
   </div>
   <div class='ocr_carea' id='block_1_4' title="bbox 422 852 465 876">
    <p class='ocr_par' dir='ltr' id='par_1_4' title="bbox 422 852 465 876">
     <span class='ocr_line' id='line_1_12' title="bbox 422 852 465 876; baseline 0 -6"><span class='ocrx_word' id='word_1_96' title='bbox 422 852 465 876; x_wconf 59' lang='lat'>„⁷1-</span> 
     </span>
    </p>
   </div>
   <div class='ocr_carea' id='block_1_5' title="bbox 419 863 771 891">
    <p class='ocr_par' dir='ltr' id='par_1_5' title="bbox 419 863 771 891">
     <span class='ocr_line' id='line_1_13' title="bbox 419 863 771 891; baseline -0.003 0"><span class='ocrx_word' id='word_1_97' title='bbox 419 880 444 891; x_wconf 65' lang='grc' dir='ltr'><strong><em>Ν</em></strong></span> <span class='ocrx_word' id='word_1_98' title='bbox 702 863 771 890; x_wconf 71' lang='lat' dir='ltr'>zz</span> 
     </span>
    </p>
   </div>
   <div class='ocr_carea' id='block_1_6' title="bbox 212 864 1819 982">
    <p class='ocr_par' dir='ltr' id='par_1_6' title="bbox 212 864 1819 982">
     <span class='ocr_line' id='line_1_14' title="bbox 212 864 1819 982; baseline -0.001 -57"><span class='ocrx_word' id='word_1_99' title='bbox 212 884 382 940; x_wconf 89' lang='lat' dir='ltr'>quatio:</span> <span class='ocrx_word' id='word_1_100' title='bbox 420 913 550 967; x_wconf 52' lang='grc' dir='ltr'>ἷ-</span> <span class='ocrx_word' id='word_1_101' title='bbox 488 864 793 982; x_wconf 52' lang='grc' dir='ltr'>-Ξ-ῐ-Ξ-ῙἿ</span> <span class='ocrx_word' id='word_1_102' title='bbox 863 883 978 924; x_wconf 89' lang='lat' dir='ltr'>Hinc</span> <span class='ocrx_word' id='word_1_103' title='bbox 1023 893 1192 936; x_wconf 78' lang='lat' dir='ltr'>autem,</span> <span class='ocrx_word' id='word_1_104' title='bbox 1247 885 1344 938; x_wconf 83' lang='lat' dir='ltr'>quia</span> <span class='ocrx_word' id='word_1_105' title='bbox 1388 884 1589 924; x_wconf 89' lang='lat' dir='ltr'>nouimus</span> <span class='ocrx_word' id='word_1_106' title='bbox 1626 883 1819 924; x_wconf 81' lang='lat' dir='ltr'>valorem</span> 
     </span>
    </p>
   </div>
   <div class='ocr_carea' id='block_1_7' title="bbox 211 990 1825 1110">
    <p class='ocr_par' dir='ltr' id='par_1_7' title="bbox 211 990 1825 1110">
     <span class='ocr_line' id='line_1_15' title="bbox 211 990 1825 1048; baseline -0.003 -14"><span class='ocrx_word' id='word_1_107' title='bbox 211 993 338 1048; x_wconf 80' lang='lat' dir='ltr'>ipsius</span> <span class='ocrx_word' id='word_1_108' title='bbox 373 1005 399 1032; x_wconf 85' lang='lat' dir='ltr'><em>z</em></span> <span class='ocrx_word' id='word_1_109' title='bbox 435 1005 559 1046; x_wconf 86' lang='lat' dir='ltr'>quam</span> <span class='ocrx_word' id='word_1_110' title='bbox 599 991 776 1032; x_wconf 89' lang='lat' dir='ltr'>minime</span> <span class='ocrx_word' id='word_1_111' title='bbox 811 991 1016 1031; x_wconf 75' lang='lat' dir='ltr'>vnitatem</span> <span class='ocrx_word' id='word_1_112' title='bbox 1053 990 1132 1044; x_wconf 71' lang='lat' dir='ltr'>effe</span> <span class='ocrx_word' id='word_1_113' title='bbox 1168 990 1480 1044; x_wconf 77' lang='lat' dir='ltr'>superaturum,</span> <span class='ocrx_word' id='word_1_114' title='bbox 1500 1003 1709 1045; x_wconf 85' lang='lat' dir='ltr'>ponamus</span> <span class='ocrx_word' id='word_1_115' title='bbox 1748 1002 1825 1030; x_wconf 81' lang='lat' dir='ltr'>z:</span> 
     </span>
     <span class='ocr_line' id='line_1_16' title="bbox 217 1053 1818 1110; baseline -0.003 -13"><span class='ocrx_word' id='word_1_116' title='bbox 217 1071 235 1097; x_wconf 91' lang='lat'>1</span> <span class='ocrx_word' id='word_1_117' title='bbox 261 1064 396 1107; x_wconf 51' lang='grc' dir='ltr'>-4-ω,</span> <span class='ocrx_word' id='word_1_118' title='bbox 449 1057 613 1109; x_wconf 80' lang='lat' dir='ltr'>eritque</span> <span class='ocrx_word' id='word_1_119' title='bbox 658 1055 749 1095; x_wconf 81' lang='lat' dir='ltr'>satis</span> <span class='ocrx_word' id='word_1_120' title='bbox 795 1056 939 1095; x_wconf 51' lang='lat' dir='ltr'>exacte</span> <span class='ocrx_word' id='word_1_121' title='bbox 980 1057 1027 1096; x_wconf 76' lang='lat' dir='ltr'>z⁷²</span> <span class='ocrx_word' id='word_1_122' title='bbox 1049 1069 1111 1094; x_wconf 71' lang='lat' dir='ltr'>:z</span> <span class='ocrx_word' id='word_1_123' title='bbox 1137 1068 1154 1093; x_wconf 95' lang='lat'>1</span> <span class='ocrx_word' id='word_1_124' title='bbox 1178 1062 1353 1107; x_wconf 66' lang='grc' dir='ltr'>-ι-ηω,</span> <span class='ocrx_word' id='word_1_125' title='bbox 1391 1065 1432 1096; x_wconf 89' lang='lat' dir='ltr'>et</span> <span class='ocrx_word' id='word_1_126' title='bbox 1468 1055 1523 1096; x_wconf 92' lang='lat' dir='ltr'>ob</span> <span class='ocrx_word' id='word_1_127' title='bbox 1565 1053 1709 1110; x_wconf 64' lang='lat' dir='ltr'>2f:</span> <span class='ocrx_word' id='word_1_128' title='bbox 1731 1064 1818 1105; x_wconf 81' lang='lat'>578</span> 
     </span>
    </p>
   </div>
   <div class='ocr_carea' id='block_1_8' title="bbox 212 1116 1824 1190">
    <p class='ocr_par' dir='ltr' id='par_1_8' title="bbox 212 1116 1824 1190">
     <span class='ocr_line' id='line_1_17' title="bbox 212 1116 1824 1190; baseline -0.004 -27"><span class='ocrx_word' id='word_1_129' title='bbox 212 1123 316 1163; x_wconf 87' lang='lat' dir='ltr'>loco</span> <span class='ocrx_word' id='word_1_130' title='bbox 352 1120 408 1190; x_wconf 52' lang='grc' dir='ltr'>ἒξ</span> <span class='ocrx_word' id='word_1_131' title='bbox 443 1119 565 1160; x_wconf 87' lang='lat' dir='ltr'>scribi</span> <span class='ocrx_word' id='word_1_132' title='bbox 610 1119 788 1160; x_wconf 85' lang='lat' dir='ltr'>sufficiet</span> <span class='ocrx_word' id='word_1_133' title='bbox 822 1116 981 1184; x_wconf 47' lang='grc' dir='ltr'>ῙἙΣἫ</span> <span class='ocrx_word' id='word_1_134' title='bbox 1017 1119 1204 1173; x_wconf 89' lang='lat' dir='ltr'>hincque</span> <span class='ocrx_word' id='word_1_135' title='bbox 1241 1120 1438 1173; x_wconf 80' lang='lat' dir='ltr'>aequatio</span> <span class='ocrx_word' id='word_1_136' title='bbox 1474 1119 1610 1160; x_wconf 85' lang='lat' dir='ltr'>nostra</span> <span class='ocrx_word' id='word_1_137' title='bbox 1645 1117 1824 1173; x_wconf 85' lang='lat' dir='ltr'>praebe-</span> 
     </span>
    </p>
   </div>
   <div class='ocr_carea' id='block_1_9' title="bbox 213 1193 1823 1260">
    <p class='ocr_par' dir='ltr' id='par_1_9' title="bbox 213 1193 1823 1260">
     <span class='ocr_line' id='line_1_18' title="bbox 213 1193 1823 1260; baseline -0.002 -24"><span class='ocrx_word' id='word_1_138' title='bbox 213 1197 277 1237; x_wconf 89' lang='lat' dir='ltr'>bit</span> <span class='ocrx_word' id='word_1_139' title='bbox 320 1199 330 1215; x_wconf 86' lang='lat'><em>¹</em></span> <span class='ocrx_word' id='word_1_140' title='bbox 345 1197 388 1217; x_wconf 39' lang='grc' dir='ltr'><strong>Ῥ</strong></span> <span class='ocrx_word' id='word_1_141' title='bbox 404 1196 421 1213; x_wconf 66' lang='grc' dir='ltr'><em>η</em></span> <span class='ocrx_word' id='word_1_142' title='bbox 435 1197 457 1215; x_wconf 76' lang='lat'>‘²&#39;</span> <span class='ocrx_word' id='word_1_143' title='bbox 475 1210 536 1235; x_wconf 71' lang='grc' dir='ltr'>Ξ</span> <span class='ocrx_word' id='word_1_144' title='bbox 553 1201 573 1247; x_wconf 57' lang='grc' dir='ltr'>ᾗ</span> <span class='ocrx_word' id='word_1_145' title='bbox 591 1201 655 1241; x_wconf 64' lang='lat' dir='ltr'>—l—</span> <span class='ocrx_word' id='word_1_146' title='bbox 673 1197 684 1213; x_wconf 88' lang='lat'><em>¹</em></span> <span class='ocrx_word' id='word_1_147' title='bbox 700 1193 804 1260; x_wconf 38' lang='grc' dir='ltr'>’ὅθ-ξω</span> <span class='ocrx_word' id='word_1_148' title='bbox 817 1224 831 1247; x_wconf 83' lang='lat'>.,</span> <span class='ocrx_word' id='word_1_149' title='bbox 883 1195 995 1234; x_wconf 88' lang='lat' dir='ltr'>vnde</span> <span class='ocrx_word' id='word_1_150' title='bbox 1033 1194 1253 1248; x_wconf 85' lang='lat' dir='ltr'>colligitur</span> <span class='ocrx_word' id='word_1_151' title='bbox 1286 1209 1397 1235; x_wconf 69' lang='grc' dir='ltr'>(ιι-</span> <span class='ocrx_word' id='word_1_152' title='bbox 1337 1228 1397 1234; x_wconf 70' lang='grc'>-</span> <span class='ocrx_word' id='word_1_153' title='bbox 1415 1196 1462 1245; x_wconf 46' lang='grc' dir='ltr'>ᾗ</span> <span class='ocrx_word' id='word_1_154' title='bbox 1475 1224 1488 1247; x_wconf 79' lang='grc'>.,</span> <span class='ocrx_word' id='word_1_155' title='bbox 1541 1195 1599 1236; x_wconf 86' lang='lat' dir='ltr'>ita</span> <span class='ocrx_word' id='word_1_156' title='bbox 1632 1205 1679 1235; x_wconf 87' lang='lat' dir='ltr'>vt</span> <span class='ocrx_word' id='word_1_157' title='bbox 1723 1193 1823 1234; x_wconf 92' lang='lat' dir='ltr'>hinc</span> 
     </span>
    </p>
   </div>
   <div class='ocr_carea' id='block_1_10' title="bbox 212 1269 1824 1384">
    <p class='ocr_par' dir='ltr' id='par_1_10' title="bbox 212 1269 1824 1384">
     <span class='ocr_line' id='line_1_19' title="bbox 212 1269 1824 1323; baseline -0.003 -9"><span class='ocrx_word' id='word_1_158' title='bbox 212 1273 287 1314; x_wconf 88' lang='lat' dir='ltr'>fiat</span> <span class='ocrx_word' id='word_1_159' title='bbox 320 1272 462 1313; x_wconf 86' lang='lat' dir='ltr'>radius</span> <span class='ocrx_word' id='word_1_160' title='bbox 498 1272 736 1323; x_wconf 79' lang='lat' dir='ltr'>aequatoris</span> <span class='ocrx_word' id='word_1_161' title='bbox 774 1269 893 1311; x_wconf 77' lang='lat' dir='ltr'>C:</span> <span class='ocrx_word' id='word_1_162' title='bbox 915 1282 933 1307; x_wconf 88' lang='lat'>1</span> <span class='ocrx_word' id='word_1_163' title='bbox 958 1272 1108 1321; x_wconf 57' lang='grc' dir='ltr'>-Ξ-ῑῃ,</span> <span class='ocrx_word' id='word_1_164' title='bbox 1143 1270 1330 1323; x_wconf 85' lang='lat' dir='ltr'>ideoque</span> <span class='ocrx_word' id='word_1_165' title='bbox 1367 1271 1575 1310; x_wconf 79' lang='lat' dir='ltr'>diameter</span> <span class='ocrx_word' id='word_1_166' title='bbox 1618 1280 1824 1323; x_wconf 83' lang='lat' dir='ltr'>aequato-</span> 
     </span>
     <span class='ocr_line' id='line_1_20' title="bbox 215 1334 1822 1384; baseline -0.004 -7"><span class='ocrx_word' id='word_1_167' title='bbox 215 1338 274 1378; x_wconf 82' lang='lat' dir='ltr'>ris</span> <span class='ocrx_word' id='word_1_168' title='bbox 311 1337 362 1377; x_wconf 85' lang='lat' dir='ltr'>ad</span> <span class='ocrx_word' id='word_1_169' title='bbox 398 1347 523 1375; x_wconf 86' lang='lat' dir='ltr'>axem</span> <span class='ocrx_word' id='word_1_170' title='bbox 558 1335 723 1375; x_wconf 87' lang='lat' dir='ltr'>Terrae</span> <span class='ocrx_word' id='word_1_171' title='bbox 759 1343 804 1373; x_wconf 89' lang='lat' dir='ltr'>vt</span> <span class='ocrx_word' id='word_1_172' title='bbox 843 1344 931 1383; x_wconf 82' lang='lat'>577</span> <span class='ocrx_word' id='word_1_173' title='bbox 957 1346 965 1370; x_wconf 91' lang='lat'><strong>:</strong></span> <span class='ocrx_word' id='word_1_174' title='bbox 990 1336 1106 1383; x_wconf 83' lang='lat'><strong>576,</strong></span> <span class='ocrx_word' id='word_1_175' title='bbox 1157 1334 1269 1372; x_wconf 85' lang='lat' dir='ltr'>vnde</span> <span class='ocrx_word' id='word_1_176' title='bbox 1317 1343 1432 1384; x_wconf 85' lang='lat' dir='ltr'>patet</span> <span class='ocrx_word' id='word_1_177' title='bbox 1467 1334 1574 1373; x_wconf 83' lang='lat' dir='ltr'>hanc</span> <span class='ocrx_word' id='word_1_178' title='bbox 1611 1334 1822 1372; x_wconf 85' lang='lat' dir='ltr'>rationem</span> 
     </span>
    </p>
   </div>
   <div class='ocr_carea' id='block_1_11' title="bbox 216 1394 1431 1454">
    <p class='ocr_par' dir='ltr' id='par_1_11' title="bbox 216 1394 1431 1454">
     <span class='ocr_line' id='line_1_21' title="bbox 216 1394 1431 1454; baseline -0.006 -12"><span class='ocrx_word' id='word_1_179' title='bbox 216 1400 267 1443; x_wconf 84' lang='lat' dir='ltr'>ab</span> <span class='ocrx_word' id='word_1_180' title='bbox 304 1406 549 1454; x_wconf 83' lang='lat' dir='ltr'>exponente</span> <span class='ocrx_word' id='word_1_181' title='bbox 584 1396 811 1439; x_wconf 86' lang='lat' dir='ltr'>indefinito</span> <span class='ocrx_word' id='word_1_182' title='bbox 845 1408 870 1435; x_wconf 89' lang='lat' dir='ltr'>n</span> <span class='ocrx_word' id='word_1_183' title='bbox 903 1394 1072 1450; x_wconf 85' lang='lat' dir='ltr'>prorsus</span> <span class='ocrx_word' id='word_1_184' title='bbox 1108 1408 1195 1435; x_wconf 91' lang='lat' dir='ltr'>non</span> <span class='ocrx_word' id='word_1_185' title='bbox 1229 1395 1431 1449; x_wconf 83' lang='lat' dir='ltr'>pendere.</span> 
     </span>
    </p>
   </div>
   <div class='ocr_carea' id='block_1_12' title="bbox 819 1149 955 1154">
    <p class='ocr_par' dir='ltr' id='par_1_12' title="bbox 819 1149 955 1154">
     <span class='ocr_line' id='line_1_22' title="bbox 819 1149 955 1154; baseline 0 0"><span class='ocrx_word' id='word_1_186' title='bbox 819 1149 955 1154; x_wconf 95' lang='lat' dir='ltr'> </span> 
     </span>
    </p>
   </div>
   <div class='ocr_carea' id='block_1_13' title="bbox 323 1226 458 1231">
    <p class='ocr_par' dir='ltr' id='par_1_13' title="bbox 323 1226 458 1231">
     <span class='ocr_line' id='line_1_23' title="bbox 323 1226 458 1231; baseline 0 0"><span class='ocrx_word' id='word_1_187' title='bbox 323 1226 458 1231; x_wconf 95' lang='lat' dir='ltr'> </span> 
     </span>
    </p>
   </div>
   <div class='ocr_carea' id='block_1_14' title="bbox 669 1225 805 1230">
    <p class='ocr_par' dir='ltr' id='par_1_14' title="bbox 669 1225 805 1230">
     <span class='ocr_line' id='line_1_24' title="bbox 669 1225 805 1230; baseline 0 0"><span class='ocrx_word' id='word_1_188' title='bbox 669 1225 805 1230; x_wconf 95' lang='lat' dir='ltr'> </span> 
     </span>
    </p>
   </div>
   <div class='ocr_carea' id='block_1_15' title="bbox 220 1550 1827 2361">
    <p class='ocr_par' dir='ltr' id='par_1_15' title="bbox 220 1550 1827 2317">
     <span class='ocr_line' id='line_1_25' title="bbox 413 1550 1824 1610; baseline -0.003 -14"><span class='ocrx_word' id='word_1_189' title='bbox 413 1555 449 1610; x_wconf 82' lang='lat'>§.</span> <span class='ocrx_word' id='word_1_190' title='bbox 488 1567 530 1605; x_wconf 80' lang='lat'>3.</span> <span class='ocrx_word' id='word_1_191' title='bbox 600 1554 671 1597; x_wconf 86' lang='lat' dir='ltr'>Ex</span> <span class='ocrx_word' id='word_1_192' title='bbox 705 1555 771 1597; x_wconf 88' lang='lat' dir='ltr'>his</span> <span class='ocrx_word' id='word_1_193' title='bbox 815 1555 942 1596; x_wconf 81' lang='lat' dir='ltr'>etiam</span> <span class='ocrx_word' id='word_1_194' title='bbox 986 1553 1252 1594; x_wconf 82' lang='lat' dir='ltr'>manifestum</span> <span class='ocrx_word' id='word_1_195' title='bbox 1289 1552 1371 1603; x_wconf 69' lang='lat' dir='ltr'>est,</span> <span class='ocrx_word' id='word_1_196' title='bbox 1428 1563 1708 1606; x_wconf 84' lang='lat' dir='ltr'>quaecunque</span> <span class='ocrx_word' id='word_1_197' title='bbox 1745 1550 1824 1592; x_wconf 82' lang='lat' dir='ltr'>alia</span> 
     </span>
     <span class='ocr_line' id='line_1_26' title="bbox 220 1616 1824 1675; baseline -0.005 -13"><span class='ocrx_word' id='word_1_198' title='bbox 220 1620 381 1663; x_wconf 69' lang='lat' dir='ltr'>filnc‘tio</span> <span class='ocrx_word' id='word_1_199' title='bbox 419 1619 543 1675; x_wconf 89' lang='lat' dir='ltr'>ipfius</span> <span class='ocrx_word' id='word_1_200' title='bbox 572 1633 596 1661; x_wconf 85' lang='lat' dir='ltr'><em>z</em></span> <span class='ocrx_word' id='word_1_201' title='bbox 631 1632 711 1674; x_wconf 84' lang='lat' dir='ltr'>pro</span> <span class='ocrx_word' id='word_1_202' title='bbox 747 1619 951 1673; x_wconf 83' lang='lat' dir='ltr'>grauitate</span> <span class='ocrx_word' id='word_1_203' title='bbox 989 1618 1233 1672; x_wconf 79' lang='lat' dir='ltr'>accipiatur,</span> <span class='ocrx_word' id='word_1_204' title='bbox 1252 1625 1465 1671; x_wconf 85' lang='lat' dir='ltr'>perpetuo</span> <span class='ocrx_word' id='word_1_205' title='bbox 1503 1616 1681 1657; x_wconf 86' lang='lat' dir='ltr'>eandem</span> <span class='ocrx_word' id='word_1_206' title='bbox 1718 1628 1824 1655; x_wconf 90' lang='lat' dir='ltr'>con-</span> 
     </span>
     <span class='ocr_line' id='line_1_27' title="bbox 222 1679 1825 1738; baseline -0.004 -12"><span class='ocrx_word' id='word_1_207' title='bbox 222 1685 456 1726; x_wconf 83' lang='lat' dir='ltr'>clufionem</span> <span class='ocrx_word' id='word_1_208' title='bbox 485 1685 584 1725; x_wconf 90' lang='lat' dir='ltr'>inde</span> <span class='ocrx_word' id='word_1_209' title='bbox 613 1683 729 1738; x_wconf 89' lang='lat' dir='ltr'>sequi</span> <span class='ocrx_word' id='word_1_210' title='bbox 768 1684 938 1724; x_wconf 79' lang='lat' dir='ltr'>debere.</span> <span class='ocrx_word' id='word_1_211' title='bbox 994 1682 1290 1737; x_wconf 79' lang='lat' dir='ltr'>Quamobrem</span> <span class='ocrx_word' id='word_1_212' title='bbox 1328 1694 1426 1721; x_wconf 90' lang='lat' dir='ltr'>cum</span> <span class='ocrx_word' id='word_1_213' title='bbox 1461 1693 1561 1721; x_wconf 79' lang='lat' dir='ltr'>vera</span> <span class='ocrx_word' id='word_1_214' title='bbox 1596 1679 1825 1733; x_wconf 85' lang='lat' dir='ltr'>proportio</span> 
     </span>
     <span class='ocr_line' id='line_1_28' title="bbox 221 1742 1826 1797; baseline -0.004 -8"><span class='ocrx_word' id='word_1_215' title='bbox 221 1751 334 1790; x_wconf 86' lang='lat' dir='ltr'>inter</span> <span class='ocrx_word' id='word_1_216' title='bbox 378 1761 500 1791; x_wconf 89' lang='lat' dir='ltr'>axem</span> <span class='ocrx_word' id='word_1_217' title='bbox 537 1749 700 1789; x_wconf 83' lang='lat' dir='ltr'>Terrae</span> <span class='ocrx_word' id='word_1_218' title='bbox 737 1758 779 1788; x_wconf 93' lang='lat' dir='ltr'>et</span> <span class='ocrx_word' id='word_1_219' title='bbox 815 1749 1069 1788; x_wconf 79' lang='lat' dir='ltr'>diametrum</span> <span class='ocrx_word' id='word_1_220' title='bbox 1115 1746 1352 1797; x_wconf 71' lang='lat' dir='ltr'>aequatoris</span> <span class='ocrx_word' id='word_1_221' title='bbox 1405 1754 1625 1796; x_wconf 80' lang='lat' dir='ltr'>tantopere</span> <span class='ocrx_word' id='word_1_222' title='bbox 1669 1742 1718 1783; x_wconf 86' lang='lat' dir='ltr'>ab</span> <span class='ocrx_word' id='word_1_223' title='bbox 1754 1743 1826 1782; x_wconf 88' lang='lat' dir='ltr'>ista</span> 
     </span>
     <span class='ocr_line' id='line_1_29' title="bbox 222 1807 1825 1863; baseline -0.004 -11"><span class='ocrx_word' id='word_1_224' title='bbox 222 1813 396 1853; x_wconf 75' lang='lat' dir='ltr'>,inuenta</span> <span class='ocrx_word' id='word_1_225' title='bbox 432 1815 594 1853; x_wconf 90' lang='lat' dir='ltr'>ratione</span> <span class='ocrx_word' id='word_1_226' title='bbox 631 1813 832 1863; x_wconf 69' lang='lat' dir='ltr'>diffident,</span> <span class='ocrx_word' id='word_1_227' title='bbox 854 1812 1078 1852; x_wconf 67' lang='lat' dir='ltr'>necessario</span> <span class='ocrx_word' id='word_1_228' title='bbox 1114 1809 1232 1850; x_wconf 86' lang='lat' dir='ltr'>statui</span> <span class='ocrx_word' id='word_1_229' title='bbox 1269 1818 1465 1862; x_wconf 66' lang='lat' dir='ltr'>oportet,</span> <span class='ocrx_word' id='word_1_230' title='bbox 1502 1807 1680 1860; x_wconf 77' lang='lat' dir='ltr'>singulas</span> <span class='ocrx_word' id='word_1_231' title='bbox 1709 1807 1825 1847; x_wconf 89' lang='lat' dir='ltr'>Ter·</span> 
     </span>
     <span class='ocr_line' id='line_1_30' title="bbox 222 1871 1826 1930; baseline -0.005 -12"><span class='ocrx_word' id='word_1_232' title='bbox 222 1889 293 1918; x_wconf 78' lang='lat' dir='ltr'>‚tae</span> <span class='ocrx_word' id='word_1_233' title='bbox 329 1877 555 1930; x_wconf 84' lang='lat' dir='ltr'>particulas</span> <span class='ocrx_word' id='word_1_234' title='bbox 593 1874 630 1915; x_wconf 85' lang='lat' dir='ltr'>Z</span> <span class='ocrx_word' id='word_1_235' title='bbox 667 1890 750 1916; x_wconf 89' lang='lat' dir='ltr'>non</span> <span class='ocrx_word' id='word_1_236' title='bbox 789 1876 923 1916; x_wconf 75' lang='lat' dir='ltr'>so&#39;um</span> <span class='ocrx_word' id='word_1_237' title='bbox 962 1876 1012 1915; x_wconf 78' lang='lat' dir='ltr'>:td</span> <span class='ocrx_word' id='word_1_238' title='bbox 1048 1883 1242 1914; x_wconf 84' lang='lat' dir='ltr'>centrum</span> <span class='ocrx_word' id='word_1_239' title='bbox 1277 1873 1440 1913; x_wconf 81' lang='lat' dir='ltr'>Terrae</span> <span class='ocrx_word' id='word_1_240' title='bbox 1481 1871 1516 1913; x_wconf 89' lang='lat' dir='ltr'>C</span> <span class='ocrx_word' id='word_1_241' title='bbox 1552 1871 1719 1925; x_wconf 63' lang='lat' dir='ltr'>vrgeri‚</span> <span class='ocrx_word' id='word_1_242' title='bbox 1755 1871 1826 1911; x_wconf 90' lang='lat' dir='ltr'>sed</span> 
     </span>
     <span class='ocr_line' id='line_1_31' title="bbox 225 1935 1827 1994; baseline -0.004 -14"><span class='ocrx_word' id='word_1_243' title='bbox 225 1940 394 1994; x_wconf 82' lang='lat' dir='ltr'>insuper</span> <span class='ocrx_word' id='word_1_244' title='bbox 429 1941 527 1980; x_wconf 86' lang='lat' dir='ltr'>alias</span> <span class='ocrx_word' id='word_1_245' title='bbox 563 1940 674 1980; x_wconf 83' lang='lat' dir='ltr'>vires</span> <span class='ocrx_word' id='word_1_246' title='bbox 712 1941 843 1980; x_wconf 45' lang='lat' dir='ltr'>adesse</span> <span class='ocrx_word' id='word_1_247' title='bbox 882 1940 1062 1989; x_wconf 71' lang='lat' dir='ltr'>debere,</span> <span class='ocrx_word' id='word_1_248' title='bbox 1099 1937 1253 1993; x_wconf 86' lang='lat' dir='ltr'>quibus</span> <span class='ocrx_word' id='word_1_249' title='bbox 1289 1936 1491 1989; x_wconf 80' lang='lat' dir='ltr'>particula</span> <span class='ocrx_word' id='word_1_250' title='bbox 1527 1936 1569 1975; x_wconf 89' lang='lat' dir='ltr'>in</span> <span class='ocrx_word' id='word_1_251' title='bbox 1608 1935 1644 1975; x_wconf 83' lang='lat' dir='ltr'>Z</span> <span class='ocrx_word' id='word_1_252' title='bbox 1680 1935 1827 1975; x_wconf 85' lang='lat' dir='ltr'>secun·</span> 
     </span>
     <span class='ocr_line' id='line_1_32' title="bbox 226 2000 1826 2048; baseline -0.004 -2"><span class='ocrx_word' id='word_1_253' title='bbox 226 2006 329 2046; x_wconf 90' lang='lat' dir='ltr'>dum</span> <span class='ocrx_word' id='word_1_254' title='bbox 366 2005 642 2045; x_wconf 57' lang='lat' dir='ltr'>directionem</span> <span class='ocrx_word' id='word_1_255' title='bbox 672 2001 747 2045; x_wconf 77' lang='grc' dir='ltr'>ΖΞ</span> <span class='ocrx_word' id='word_1_256' title='bbox 776 2005 825 2045; x_wconf 84' lang='lat' dir='ltr'>ad</span> <span class='ocrx_word' id='word_1_257' title='bbox 850 2003 936 2045; x_wconf 84' lang='lat' dir='ltr'>CZ</span> <span class='ocrx_word' id='word_1_258' title='bbox 972 2001 1207 2043; x_wconf 78' lang='lat' dir='ltr'>normalem</span> <span class='ocrx_word' id='word_1_259' title='bbox 1245 2001 1518 2048; x_wconf 80' lang='lat' dir='ltr'>sollicitetur3</span> <span class='ocrx_word' id='word_1_260' title='bbox 1556 2000 1659 2041; x_wconf 82' lang='lat' dir='ltr'>tales</span> <span class='ocrx_word' id='word_1_261' title='bbox 1697 2000 1826 2040; x_wconf 90' lang='lat' dir='ltr'>etiam</span> 
     </span>
     <span class='ocr_line' id='line_1_33' title="bbox 225 2064 1826 2122; baseline -0.003 -13"><span class='ocrx_word' id='word_1_262' title='bbox 225 2071 338 2110; x_wconf 78' lang='lat' dir='ltr'>vires</span> <span class='ocrx_word' id='word_1_263' title='bbox 375 2068 622 2122; x_wconf 86' lang='lat' dir='ltr'>hypothefis</span> <span class='ocrx_word' id='word_1_264' title='bbox 658 2069 873 2121; x_wconf 80' lang='lat' dir='ltr'>grauitatis</span> <span class='ocrx_word' id='word_1_265' title='bbox 910 2065 1155 2108; x_wconf 79' lang='lat' dir='ltr'>vniuersalis</span> <span class='ocrx_word' id='word_1_266' title='bbox 1180 2079 1259 2119; x_wconf 82' lang='lat' dir='ltr'>qua</span> <span class='ocrx_word' id='word_1_267' title='bbox 1286 2065 1470 2119; x_wconf 77' lang='lat' dir='ltr'>singulae</span> <span class='ocrx_word' id='word_1_268' title='bbox 1507 2064 1736 2118; x_wconf 85' lang='lat' dir='ltr'>particulae</span> <span class='ocrx_word' id='word_1_269' title='bbox 1775 2064 1826 2104; x_wconf 88' lang='lat' dir='ltr'>ad</span> 
     </span>
     <span class='ocr_line' id='line_1_34' title="bbox 228 2127 1827 2186; baseline -0.004 -12"><span class='ocrx_word' id='word_1_270' title='bbox 228 2146 379 2174; x_wconf 88' lang='lat' dir='ltr'>omnes</span> <span class='ocrx_word' id='word_1_271' title='bbox 417 2133 516 2175; x_wconf 87' lang='lat' dir='ltr'>alias</span> <span class='ocrx_word' id='word_1_272' title='bbox 555 2133 703 2173; x_wconf 79' lang='lat' dir='ltr'>attrahi</span> <span class='ocrx_word' id='word_1_273' title='bbox 749 2131 1044 2186; x_wconf 82' lang='lat' dir='ltr'>supponuntur</span> <span class='ocrx_word' id='word_1_274' title='bbox 1088 2144 1234 2172; x_wconf 87' lang='lat' dir='ltr'>reuera</span> <span class='ocrx_word' id='word_1_275' title='bbox 1271 2130 1475 2181; x_wconf 72' lang='lat' dir='ltr'>ostendit,</span> <span class='ocrx_word' id='word_1_276' title='bbox 1526 2130 1582 2169; x_wconf 89' lang='lat' dir='ltr'>ita</span> <span class='ocrx_word' id='word_1_277' title='bbox 1617 2138 1663 2168; x_wconf 88' lang='lat' dir='ltr'>vt</span> <span class='ocrx_word' id='word_1_278' title='bbox 1698 2128 1738 2168; x_wconf 86' lang='lat' dir='ltr'>in</span> <span class='ocrx_word' id='word_1_279' title='bbox 1775 2127 1827 2167; x_wconf 81' lang='lat' dir='ltr'>fi-</span> 
     </span>
     <span class='ocr_line' id='line_1_35' title="bbox 228 2193 1827 2251; baseline -0.004 -14"><span class='ocrx_word' id='word_1_280' title='bbox 228 2211 330 2251; x_wconf 82' lang='lat' dir='ltr'>gura</span> <span class='ocrx_word' id='word_1_281' title='bbox 367 2197 529 2238; x_wconf 79' lang='lat' dir='ltr'>Terrae</span> <span class='ocrx_word' id='word_1_282' title='bbox 569 2197 888 2237; x_wconf 72' lang='lat' dir='ltr'>determinanda</span> <span class='ocrx_word' id='word_1_283' title='bbox 925 2197 1051 2236; x_wconf 70' lang='lat' dir='ltr'>eriam</span> <span class='ocrx_word' id='word_1_284' title='bbox 1097 2196 1189 2236; x_wconf 80' lang='lat' dir='ltr'>istae</span> <span class='ocrx_word' id='word_1_285' title='bbox 1224 2195 1335 2235; x_wconf 64' lang='lat' dir='ltr'>vires</span> <span class='ocrx_word' id='word_1_286' title='bbox 1381 2193 1572 2234; x_wconf 81' lang='lat' dir='ltr'>laterales</span> <span class='ocrx_word' id='word_1_287' title='bbox 1618 2193 1659 2232; x_wconf 92' lang='lat' dir='ltr'>in</span> <span class='ocrx_word' id='word_1_288' title='bbox 1705 2205 1827 2233; x_wconf 82' lang='lat' dir='ltr'>com-</span> 
     </span>
     <span class='ocr_line' id='line_1_36' title="bbox 226 2257 1827 2317; baseline -0.005 -15"><span class='ocrx_word' id='word_1_289' title='bbox 226 2270 380 2317; x_wconf 86' lang='lat' dir='ltr'>putum</span> <span class='ocrx_word' id='word_1_290' title='bbox 428 2263 524 2303; x_wconf 86' lang='lat' dir='ltr'>duci</span> <span class='ocrx_word' id='word_1_291' title='bbox 570 2261 768 2302; x_wconf 83' lang='lat' dir='ltr'>debeant.</span> <span class='ocrx_word' id='word_1_292' title='bbox 837 2261 1004 2303; x_wconf 84' lang='lat' dir='ltr'>Verum</span> <span class='ocrx_word' id='word_1_293' title='bbox 1050 2260 1122 2302; x_wconf 75' lang='lat' dir='ltr'>has</span> <span class='ocrx_word' id='word_1_294' title='bbox 1158 2261 1262 2315; x_wconf 83' lang='lat' dir='ltr'>ipsas</span> <span class='ocrx_word' id='word_1_295' title='bbox 1299 2260 1408 2300; x_wconf 75' lang='lat' dir='ltr'>vires</span> <span class='ocrx_word' id='word_1_296' title='bbox 1445 2271 1501 2301; x_wconf 85' lang='lat' dir='ltr'>ex</span> <span class='ocrx_word' id='word_1_297' title='bbox 1535 2257 1699 2299; x_wconf 82' lang='lat' dir='ltr'>theoria</span> <span class='ocrx_word' id='word_1_298' title='bbox 1733 2269 1827 2309; x_wconf 86' lang='lat' dir='ltr'>gra-</span> 
     </span>
    </p>

    <p class='ocr_par' dir='ltr' id='par_1_16' title="bbox 1717 2329 1825 2361">
     <span class='ocr_line' id='line_1_37' title="bbox 1717 2329 1825 2361; baseline -0.019 0"><span class='ocrx_word' id='word_1_299' title='bbox 1717 2329 1825 2361; x_wconf 76' lang='lat' dir='ltr'>vita·</span> 
     </span>
    </p>
   </div>
  </div>
 </body>
</html>
