1971 2672
679 167 828 192 ==
863 147 987 202 (95)
1022 167 1175 180 --

117 261 272 305 notitia
316 261 580 318 Gcograplio
626 275 714 304 non
758 262 898 303 minus
947 275 1072 317 quam
1117 261 1388 318 Philosopho
1423 275 1464 305 et
1499 265 1731 320 Politico,

114 340 200 369 non
237 326 295 367 est
331 329 446 381 quod
485 328 637 368 dicam.
705 325 891 368 Erudito
925 327 1147 382 inprimis,
1202 329 1274 382 qui
1312 328 1488 369 statuum
1525 332 1730 381 notitiam

114 391 296 432 studium
351 392 423 432 fibi
479 391 580 433 fecit
630 392 886 446 proprium,
938 402 1106 446 gratum
1159 393 1241 433 erit
1291 403 1416 447 atque
1472 406 1721 447 acceptum,

115 455 143 497 fi
182 454 315 496 facilis,
353 458 391 496 ci
429 456 719 510 suppeditetur
754 456 1013 507 methodus,
1071 457 1140 510 qui
1185 457 1308 511 possit
1355 456 1514 510 absque
1553 460 1719 500 calcula

114 532 254 560 aream
291 519 375 574 ipse
411 521 542 574 idque
578 529 768 562 accurate
806 520 1023 571 inuenire,
1060 521 1255 575 adeoque
1279 520 1598 562 Mathematicis
1631 537 1720 562 cre-

113 583 213 624 dere
259 597 344 624 non
380 584 427 624 fit
462 585 646 626 coaetus.
717 583 1014 639 Quamobrem
1059 596 1143 624 non
1188 599 1337 638 parum
1385 585 1558 625 miratus
1605 585 1719 637 sum,

112 660 329 701 nunquam
365 649 503 691 adhuc
539 647 771 688 adhibitam
808 646 925 687 fuiffe
962 647 1299 701 proiccf'tioncm,
1335 663 1460 704 quam
1499 650 1722 692 immedia-

112 720 154 751 te
190 721 316 765 atque
353 711 649 753 accuratissime
695 710 832 751 oculis
877 710 1032 752 offerre
1077 725 1217 754 aream
1253 713 1493 768 superficiei
1530 714 1720 755 delinea—

111 783 201 825 tae,
251 777 334 816 iam
379 776 539 816 dudum
582 775 623 814 in
662 773 995 816 Commentariis
1031 775 1167 817 Acad.
1213 777 1387 831 Petrop.
1425 779 1595 819 monuit
1637 779 1719 819 im-

109 840 300 880 mortalis
337 839 522 880 nominis
559 837 739 879 Eulerus.
812 837 1019 881 Officium
1065 841 1170 881 mihi
1217 843 1460 895 impolitum
1498 844 1715 896 requirere

109 904 280 956 putaui,
314 913 361 943 vt
380 903 628 944 huiusmodi
652 902 912 944 conficerem
940 904 1279 958 proiectioncm,
1319 919 1424 959 qnae
1461 920 1598 947 aream
1635 908 1718 947 im-

106 967 213 1020 perii
235 967 410 1018 Ruffici,
448 976 587 1007 tantae
623 967 788 1008 telluris
823 968 978 1021 partis,
1015 968 1180 1009 calculo
1218 970 1494 1010 minutiffimo
1525 971 1715 1012 ostendat

107 1032 306 1072 exastius.
377 1031 601 1073 Sollertius
621 1032 662 1071 in
683 1031 956 1085 proiectionis
994 1032 1120 1072 huius
1157 1033 1349 1074 indolem
1384 1035 1602 1088 inquirens
1624 1037 1713 1076 ani-

105 1095 342 1147 maduerti,
396 1108 486 1136 eam
522 1095 743 1149 paululum
779 1095 1044 1137 immutatam
1079 1097 1201 1137 reddi
1238 1098 1376 1138 adhuc
1413 1099 1528 1152 poffe
1565 1100 1711 1140 vtilio-

104 1170 220 1206 rem;
282 1159 325 1199 id
373 1159 490 1212 quod
534 1159 793 1200 Academiae
847 1160 916 1200 hic
967 1173 1212 1214 proponere
1265 1162 1370 1202 mihi
1425 1162 1583 1210 liceat,
1636 1164 1710 1205 etsi

105 1222 311 1275 temporis
349 1222 532 1263 breuitas
567 1224 674 1264 mihi
711 1223 903 1265 nondum
937 1224 1150 1280 permisit,
1187 1226 1317 1268 totius
1353 1227 1521 1281 imperii
1556 1227 1709 1269 Rustici

101 1287 414 1339 proiectionem
449 1285 684 1328 absoluere.

296 1412 331 1467 §.
373 1427 413 1454 2.
481 1414 783 1470 Repraesentet
816 1416 909 1472 Fig.
946 1430 989 1468 4·
1025 1417 1271 1470 portionem
1308 1417 1501 1470 telluris,
1548 1415 1586 1460 C
1621 1417 1706 1459 Po-

100 1476 216 1527 lum,
251 1476 351 1532 AQ
382 1478 706 1532 Aequatorem,
743 1480 861 1533 CN,
898 1480 970 1523 Cn
1007 1481 1092 1521 duo
1114 1482 1381 1523 Meridianos
1416 1483 1583 1524 infinite
1602 1497 1705 1537 pro-

99 1539 301 1594 pinquos.
370 1540 451 1581 Per
491 1544 694 1595 punctum
729 1544 780 1583 M
815 1558 893 1598 pro
929 1545 1104 1586 arbitrio
1148 1547 1370 1587 assumtum
1416 1547 1594 1589 transeat
1629 1547 1706 1588 Pa-

101 1603 272 1643 rallelus
309 1603 439 1659 Μμ,
491 1606 559 1645 cui
604 1606 769 1647 infinite
813 1609 1082 1663 propinquus
1127 1609 1358 1651 Parallclus
1393 1623 1496 1661 mu,
1549 1621 1596 1651 vt
1631 1611 1704 1653 fiat

95 1679 274 1720 paruum
304 1669 976 1722 restanguluvaclcmentum
1012 1685 1129 1713 areae
1167 1675 1346 1715 telluris.
1419 1673 1582 1729 Quodsi
1617 1675 1702 1716 iam

94 1730 387 1783 longitudines
425 1743 728 1786 computentur
763 1748 784 1775 a
821 1735 1065 1776 Meridiano
1103 1735 1228 1791 CA,
1272 1739 1435 1779 dicatur
1469 1739 1702 1793 longitudo

97 1794 240 1847 puncti
276 1795 351 1846 M,
385 1795 428 1837 A
450 1797 492 1838 Ν
515 1812 652 1850 :x,
704 1798 884 1841 latitudo
921 1800 1034 1841 NM
1055 1813 1182 1853 zy,
1231 1815 1325 1843 area
1361 1801 1524 1843 telluris
1563 1817 1625 1843 Ξ
1647 1803 1699 1852 S;

94 1858 260 1911 eritque
298 1855 323 1898 ὃ
343 1860 369 1901 S
391 1873 451 1900 Ξ
469 1861 520 1902 Μ
539 1877 572 1916 μ
592 1892 602 1902 .
623 1862 674 1903 Μ
693 1876 730 1903 m
752 1876 813 1902 Ξ
836 1861 860 1904 ὓ
877 1877 907 1904 x
927 1863 1011 1905 cos.
1033 1877 1055 1909 r
1077 1862 1167 1916 by,
1203 1867 1340 1920 posito
1376 1867 1496 1908 radio
1534 1868 1696 1909 telluris

93 1934 154 1961 Ξ
181 1935 218 1960 1.
288 1921 333 1962 In
372 1923 459 1978 Fig.
502 1937 544 1974 ς.
582 1927 810 1968 Meridiani
847 1941 893 1969 ac
928 1928 1122 1969 Paralleli
1161 1929 1238 1971 sint
1270 1930 1448 1984 proiecti
1485 1932 1526 1972 in
1563 1932 1694 1973 lineas

91 1987 222 2026 renas
260 1985 330 2026 {ibi
369 1987 551 2029 inuicem
588 1993 825 2043 normales,
879 1993 1107 2033 fecundum
1147 1994 1254 2035 hauc
1297 1996 1464 2049 legem:
1517 1996 1696 2049 Aequa-

92 2059 160 2090 τοι·
204 2046 264 2089 A'
291 2047 351 2105 Q'
384 2052 588 2095 diuiditur
621 2056 662 2096 in
707 2056 891 2111 singulos
937 2058 1090 2112 gradus
1125 2054 1277 2111 A'D,
1331 2060 1401 2112 qui
1440 2069 1694 2112 competunt

87 2115 208 2155 radio
244 2113 459 2157 arbitrarie
495 2118 694 2172 assumto,
748 2135 877 2176 quem
914 2123 1102 2164 dicamus
1140 2135 1175 2163 r.
1244 2124 1509 2164 Latitudines
1546 2129 1713 2165 autcm'

88 2188 322 2231 aequantur
373 2180 540 2221 finubus
587 2183 664 2224 suis
705 2199 784 2239 pro
827 2187 948 2227 radio
992 2200 1106 2227 :72
1176 2187 1318 2227 Posito
1363 2188 1506 2241 itaque
1552 2189 1685 2242 gradu

87 2240 367 2298 longitudinis
402 2242 521 2287 AfD
543 2259 676 2303 za,
710 2251 790 2292 erit
822 2264 1038 2307 azar,
1091 2252 1292 2295 existente
1329 2265 1356 2292 α
1389 2265 1571 2295 numero
1607 2267 1687 2295 ex-

1596 2318 1686 2373 pri-

1747 1425 1831 1462 Tab.
1861 1430 1915 1464 ΠΙ.
