1971 2672
678 157 1205 211 ,ιι-εμπ)-

402 282 828 336 ENODATIO
882 278 1490 332 DIFFICVLTATIS

212 382 582 458 SVPER
652 378 1119 454 FIGVRA
1182 376 1690 452 TERRAE

479 503 522 546 A
557 501 626 544 vl
661 498 1068 544 CENTRIFVGA
1105 495 1408 540 ORIVNDA.

849 627 1038 668 Αιιᾶοτε

729 697 776 741 L.
829 698 865 740 E
887 698 921 739 V
939 698 972 740 L
989 699 1024 741 E
1041 698 1078 742 R
1102 698 1156 741 Ο.

889 1015 925 1070 ξ.
968 1028 1006 1055 1.

148 1117 369 1232 Notum
405 1146 484 1197 est,
521 1145 547 1186 fi
571 1144 733 1186 Terrae
769 1142 902 1198 figura
938 1156 993 1185 ex
1027 1143 1113 1185 sola
1137 1145 1179 1184 vi
1210 1144 1426 1198 grauitatis
1463 1157 1561 1185 cum
1588 1147 1628 1186 vi
1653 1160 1752 1188 cen-

279 1211 432 1265 trifuga
471 1211 693 1251 coniuncta
729 1208 976 1258 definiatur,
1019 1209 1230 1249 rationem
1260 1207 1471 1250 Diametri
1508 1214 1749 1264 aequaturus

149 1277 198 1317 ad
236 1288 358 1316 axem
397 1275 559 1314 Terrae
595 1286 680 1313 non
719 1273 925 1312 maiorem
961 1273 1134 1325 reperiri
1172 1285 1298 1325 quam
1338 1283 1424 1325 578
1448 1288 1458 1313 :
1483 1286 1598 1326 577,
1653 1289 1751 1316 cum

149 1349 288 1379 tamen
328 1339 429 1378 haec
467 1337 574 1377 ratio
611 1335 702 1390 post
737 1335 948 1376 mensuras
993 1337 1259 1377 diuersorum
1303 1338 1512 1391 graduum
1549 1339 1750 1381 institutas

150 1403 286 1444 multo
325 1402 460 1442 maior
496 1400 837 1454 deprehendatur
877 1412 959 1438 201
985 1414 995 1440 z
1020 1413 1107 1439 200
1143 1402 1476 1456 propemodum.
1546 1401 1753 1457 Hugcnius

151 1468 323 1521 quidem
346 1464 651 1513 etalem-tonus„
690 1465 760 1518 qui
797 1465 921 1518 primi
958 1464 1068 1504 hanc
1101 1466 1311 1506 rationem
1347 1467 1754 1520 inuestigarunt‚to·

152 1541 234 1570 tam
257 1530 439 1569 Terram
478 1539 675 1581 tanquam
712 1541 767 1568 ex
802 1528 974 1568 materia
993 1528 1194 1569 vniformi
1231 1530 1510 1583 compositam
1533 1531 1627 1571 sunt
1647 1545 1751 1572 con-

154 1593 368 1648 templati„
404 1592 572 1632 interim
610 1600 748 1631 tamen
787 1605 1064 1645 quaecunque
1108 1593 1269 1635 diuersa
1312 1594 1506 1635 strudhira
1542 1596 1584 1634 in
1622 1597 1752 1649 parti-

154 1658 230 1697 bus
267 1656 430 1696 Terrae
466 1655 738 1695 interioribus
775 1655 996 1706 statuatur,
1031 1657 1179 1698 eadem
1217 1657 1379 1711 semper
1413 1659 1521 1698 ratio
1551 1659 1748 1700 diametri

150 1721 390 1774 aequatoris
414 1721 462 1760 ad
497 1732 618 1760 axem
656 1718 850 1771 resultat,
888 1721 1089 1768 Quamdiu
1126 1721 1283 1762 scilicet
1318 1723 1532 1776 grauitatis
1570 1724 1746 1766 direfflo

151 1786 203 1826 ad
238 1794 430 1825 centrum
467 1783 629 1825 Terrae
667 1784 844 1824 tendens
882 1785 1109 1825 ass‘umitur.

343 1911 378 1964 ς.
421 1924 458 1950 2.
528 1911 657 1966 Quod
696 1912 721 1952 si
758 1913 870 1953 enim
916 1914 1022 1954 intra
1057 1912 1241 1955 Terram
1286 1915 1510 1968 grauitatio
1554 1907 1745 1970 potestati

153 1976 392 2030 cuicunque
429 1975 635 2017 dista-ntiie
672 1990 692 2017 a
729 1988 902 2027 centro,
939 1991 1044 2031 qnae
1081 1978 1127 2018 fit
1164 1993 1282 2031 ΞΖ,
1304 1981 1634 2034 proportionalis
1672 1981 1747 2022 sta·

153 2051 318 2090 ruatur,
370 2049 415 2079 xt
449 2054 495 2080 ea
531 2039 576 2079 sit
613 2043 835 2093 :2⁷¹-¹‚
881 2043 981 2082 dum
1020 2042 1264 2085 semi-axis
1302 2044 1463 2085 Terrae
1502 2057 1577 2097 per
1611 2045 1745 2086 vnita-

154 2117 239 2146 rem
277 2104 543 2158 exprimitur,
568 2117 622 2145 ex
641 2105 833 2147 Tiieoria
869 2106 1106 2161 aequilibrii
1145 2107 1376 2149 fluidorum
1414 2108 1638 2151 deducitur
1674 2110 1745 2151 ista

407 2170 448 2192 „Vt

405 2198 427 2208 ω

152 2201 370 2254 aequatio:
408 2213 533 2283 3J:
556 2198 591 2241 C
612 2184 722 2270 -ι-’.Ϊ
756 2231 797 2254 ‚
841 2203 913 2243 vbi
950 2202 976 2242 fi
1015 2201 1115 2245 CA
1148 2218 1227 2260 pro
1271 2205 1390 2245 radio
1427 2206 1665 2260 aequatoris
1703 2215 1745 2247 et

215 2304 819 2360 Nzo.1AclaAcar.1mp...5c
839 2308 960 2351 111.
1288 2309 1336 2367 Q
1650 2313 1686 2356 C
1708 2314 1744 2357 B

1783 2206 1865 2241 Tab.
1895 2210 1946 2244 IV.

1794 2258 1862 2305 lig.
1892 2269 1923 2300 3.
