1971 2672
744 182 895 189 ψ,-
930 148 1082 204 (264)
1119 183 1269 189 „—

399 260 451 304 In
496 261 696 303 omnibus
741 262 1046 303 attendendum
1090 263 1146 303 est
1190 263 1240 304 ad
1285 262 1433 317 capitis
1470 266 1807 318 magnitudinem

207 329 383 372 relatiue
419 328 470 369 ad
507 327 607 368 colli
644 326 983 380 longitudinem:
1038 327 1079 367 in
1116 328 1165 368 iis
1202 327 1317 369 enim
1352 329 1394 368 in
1435 328 1586 382 quibus
1621 333 1803 375 molares

204 395 329 436 valde
366 393 509 447 magni
544 391 652 443 sunt,
690 391 851 431 collum
886 391 942 431 est
978 391 1163 432 breuius.

399 489 680 530 Pronuntiare
716 501 827 528 nunc
865 496 983 528 certo
1019 488 1144 539 licet,
1189 489 1494 530 Mamonteum
1531 490 1685 532 animal
1721 504 1804 533 non

206 556 323 598 suiffe
360 555 630 595 carniuorum
653 582 666 604 ‚
713 553 915 606 quoniam
953 566 1091 607 neque
1126 554 1329 594 incisores
1353 583 1366 606 ⁷
1412 568 1551 608 neque
1609 555 1804 597 laniat-ios

204 621 375 667 habuit3
414 618 693 673 probabiliter
728 630 830 658 vero
867 616 1139 658 solidioribus
1175 617 1385 658 radicibus
1423 619 1539 659 fuifl'e
1577 621 1806 672 nutritum,

203 686 273 728 vel
311 684 555 726 durioribus
592 682 793 723 arborum
830 683 971 722 ramis.
1043 679 1202 722 Omnia
1237 683 1382 735 enim,
1421 696 1526 736 quae
1562 685 1807 738 organicam

203 751 362 792 habent
397 748 665 798 strueruram‚
709 746 905 786 animalia
941 746 1161 800 plantaeve
1198 746 1276 786 sint
1308 746 1379 787 vel.
1414 747 1589 801 insedra,
1631 749 1807 790 alimen-

204 824 294 855 tum
330 811 534 867 praebent
570 811 710 850 omnis
749 811 914 863 generis
950 810 1194 851 viuentibus
1231 811 1496 852 animalibus.

300 909 417 950 Haec
454 906 481 946 fi
519 915 633 959 grata
670 905 786 945 fuisse
821 905 1081 946 Academiae
1125 904 1339 959 Imperiali
1377 921 1644 962 percepero,
1697 909 1807 965 Sup-

394 971 610 1026 plementa
646 970 826 1023 reliqua,
863 971 915 1010 de
952 970 1082 1024 Apris
1111 970 1402 1025 Aethiopicis,
1440 973 1491 1012 de
1511 973 1805 1015 Rhinocerote

394 1036 518 1078 Asiae
571 1045 613 1075 et
648 1033 820 1074 Africae
842 1063 854 1086 7
911 1035 962 1075 de
998 1034 1263 1089 Didelphide
1299 1036 1497 1088 Asiatica,
1536 1047 1578 1077 et
1612 1038 1807 1090 Myrme-

394 1100 587 1154 cophaga
625 1097 802 1152 Capenfi
826 1128 838 1150 a
887 1112 992 1153 quae
1029 1110 1169 1154 parata
1203 1099 1327 1154 sunt,
1373 1101 1513 1142 debita
1550 1115 1649 1142 cum
1683 1116 1806 1144 reue-

392 1165 526 1206 rentia
563 1164 656 1206 data
693 1163 913 1204 occasione
951 1164 1132 1205 mittam.

554 1260 801 1314 Explicatio
848 1259 1099 1301 tabularum.
1169 1261 1282 1302 Tab.
1320 1261 1446 1303 VIII.

296 1327 352 1368 A.
390 1326 440 1367 B.
509 1324 628 1364 Dens
683 1325 855 1364 molaris
909 1326 1096 1365 anterior
1149 1325 1310 1365 maxill.
1356 1325 1582 1378 superioris
1639 1326 1803 1366 videtur

394 1389 574 1428 iunioris
612 1388 801 1427 animalis
841 1387 969 1427 fuiffe.

296 1453 346 1494 B.
384 1452 437 1493 C.
506 1451 716 1491 Posterior
753 1451 822 1491 lat.
860 1451 1015 1491 dextri.

295 1515 353 1556 D.
390 1516 443 1556 E.
514 1516 719 1556 Anterior
762 1514 930 1555 sinister.

297 1580 350 1622 E.
387 1580 447 1620 T.
517 1579 739 1620 Posterior.
934 1622 940 1625 ,

300 1645 353 1688 G.
391 1654 432 1685 et
467 1644 524 1685 H.
594 1644 710 1686 Sulci
747 1657 825 1699 pro
863 1643 1003 1683 neruis
1042 1641 1247 1696 palatinis.

967 1739 1005 1778 b.
1043 1738 1116 1779 IX.

298 1807 353 1848 A.
390 1807 440 1847 B.
515 1740 1082 1859 Sinusssxelplusriiiimis
1070 1801 1207 1855 ⁷poll.
1246 1802 1464 1856 profundi
1500 1804 1611 1844 intus
1649 1803 1797 1857 glabri.

300 1870 351 1912 C.
373 1869 428 1911 D.
455 1870 508 1910 E.
548 1869 599 1911 C.
621 1869 677 1910 D.
700 1870 752 1910 E.
825 1867 923 1910 Ossa
958 1866 1316 1908 intermaxillaria.

298 1935 356 1977 D.
379 1934 428 1974 E.
452 1934 508 1975 D.
582 1935 767 1987 I‘ziss'urr,
822 1947 927 1987 quae
972 1932 1136 1986 recepit
1178 1933 1332 1986 procul
1367 1932 1500 1974 dubio
1535 1933 1697 1974 canales
1734 1933 1798 1972 in-

419 1999 542 2039 iiiios

313 2012 418 2105 ’.ΟΕ
441 2012 557 2104 lios
565 2063 758 2104 Molarcs
797 2062 1041 2104 anteriores.

320 2127 403 2167 .Κ.
474 2127 698 2169 Posterior.

648 2215 653 2224 '
673 2216 1326 2232 --—-—-=-—-

694 2239 1250 2248 ——--.-—————-—-——

295 2063 328 2168 ι-ιι-ς]

1568 2317 1796 2361 ᾹΞΤΚΟ-
