1971 2672
755 193 908 206 --—
942 177 1099 231 (222)

412 290 631 346 Equidem
667 289 709 330 in
745 289 829 344 ipsa
849 288 952 331 vrbe
989 289 1072 332 iam
1108 292 1230 333 nudis
1268 289 1405 333 oculis
1439 303 1638 348 appareti
1676 307 1829 351 aquam

223 359 374 401 Nevae
419 370 506 398 non
552 353 738 409 perfecie
784 367 932 408 puram
978 355 1072 396 effe.
1160 356 1358 398 Pluribus
1401 357 1589 412 riparum
1632 361 1674 400 in
1718 361 1828 402 locis

223 423 379 469 fundus
426 421 546 461 fluuii
591 420 698 460 adeo
745 417 907 459 lutosus
944 428 986 459 et
1030 421 1278 463 inflamabili
1323 424 1417 462 aete
1463 419 1604 462 foetus
1650 422 1732 476 est,
1783 434 1832 465 vt

222 487 423 541 agitando
459 485 610 526 limum
649 483 769 523 breui
805 484 972 537 aliquot
1006 483 1175 539 lagenas
1224 485 1350 526 huius
1386 486 1493 527 ae’ris
1531 486 1735 540 colligere
1771 487 1832 529 sa-

222 552 306 592 cile
343 552 401 591 fit.
472 548 737 602 Tranquillo
773 548 901 590 etiam
939 551 1033 589 a‘e‘re
1077 549 1149 590 ita-
1179 562 1329 604 parum
1375 549 1566 604 pellucet
1600 564 1734 604 aqua,
1785 560 1834 592 vt

220 617 298 657 vix
333 614 542 656 discernas
588 612 754 653 obiecta
798 613 839 652 in
883 612 1025 665 pedali
1069 613 1140 654 vel
1185 613 1371 667 bipedali
1415 615 1708 668 profunditate
1753 628 1833 669 po·-

221 681 316 728 fita;
353 688 485 720 vento
522 686 668 719 autem
704 676 856 731 agitata
893 677 1022 718 etiam
1057 677 1226 719 turbida
1260 679 1403 718 euadit
1425 687 1467 718 et
1495 678 1701 720 fluc'iuum
1738 678 1835 733 spu-

221 758 341 795 mae,
394 744 465 783 vel
500 754 721 782 remorum
766 741 1000 795 agitatione
1044 742 1278 793 excitatae,
1332 743 1554 783 euidenter
1586 742 1832 783 flauescunt.

222 808 507 858 Eandemque
545 805 768 846 tincturam
803 805 950 858 prodit
970 819 1078 859 aqua
1098 807 1261 859 magnis
1292 805 1454 860 lagenis
1482 807 1702 861 pusillime
1741 807 1835 861 pel-

219 871 374 912 lucidis
410 867 559 909 infusa.
630 866 801 909 Glacies
845 869 966 909 fluuii
1011 870 1111 910 hinc
1156 870 1255 910 inde
1299 872 1474 924 quidem
1512 885 1616 926 pura
1651 881 1694 911 et
1730 871 1836 922 hya-

219 937 332 985 ΗΜ,
369 933 512 988 paffim
535 933 654 974 ‘vero
690 934 818 974 etiam
855 933 1002 988 grysea
1036 933 1107 975 vel
1141 933 1354 976 virescens
1390 964 1404 989 ‚
1439 935 1577 977 immo
1612 936 1733 990 saepe
1770 935 1836 976 ni-

220 1000 413 1056 gricans,
448 1005 635 1052 apparet.

415 1125 570 1180 Aqua⁷
605 1126 726 1168 cuius
763 1126 947 1178 analyfin
984 1128 1131 1180 trado,
1164 1128 1288 1169 initio
1319 1128 1417 1179 Julii
1454 1129 1548 1169 anni
1587 1138 1701 1182 1785
1743 1126 1835 1182 post

221 1192 412 1248 plurium
457 1192 624 1232 dierum
662 1192 911 1232 continuam
948 1193 1135 1234 serenam
1180 1193 1506 1247 tempestatem,
1559 1189 1834 1249 sequentibus

222 1257 332 1299 locis
370 1255 509 1297 hausta
547 1253 658 1296 fuit:

293 1366 331 1391 1.
379 1352 514 1405 Supra
548 1351 701 1391 vrbem
737 1364 873 1404 prope
910 1352 1209 1392 monasterium
1246 1352 1288 1393 S.
1325 1352 1590 1402 Alexandri,
1627 1366 1649 1392 e
1686 1352 1832 1392 medio

418 1416 629 1463 flumini53
667 1415 775 1455 hanc
811 1415 893 1454 litt.
917 1415 958 1455 A
981 1426 1168 1456 notatam
1196 1428 1340 1469 aquam
1364 1415 1554 1470 superam
1590 1415 1831 1470 appellabo,

293 1525 332 1553 2.
370 1511 416 1553 In
455 1510 591 1551 infera
633 1519 751 1563 parte
796 1510 914 1550 vrbis
961 1524 1017 1551 ex
1059 1511 1234 1551 aduerso
1283 1510 1473 1550 decimae
1518 1509 1831 1550 habitationum

418 1577 461 1616 in
498 1574 636 1616 Insula
671 1574 809 1615 Bafilii
847 1575 967 1616 seriei
1000 1575 1179 1628 (lineam
1208 1575 1342 1613 10⁷⁷¹³m
1362 1574 1574 1627 vocant);
1613 1574 1717 1615 haec
1752 1573 1835 1613 mi·

417 1640 462 1682 hi
498 1640 578 1680 erit
614 1639 667 1679 A.
704 1651 809 1692 aqua
844 1637 997 1695 infera,
1032 1652 1054 1680 e
1092 1639 1237 1680 medio
1274 1640 1450 1679 flumine
1488 1638 1641 1680 hausta.

292 1750 334 1788 3.
389 1736 438 1778 In
476 1736 621 1776 littore
658 1734 821 1776 Insulae
858 1735 997 1776 Basilii
1034 1737 1085 1777 ad
1121 1735 1274 1777 lincam
1312 1736 1380 1776 seu
1420 1735 1565 1775 scriem
1604 1735 1794 1787 quintam
1817 1762 1831 1784 ‚

418 1801 520 1842 loco
557 1800 797 1854 aquationis
834 1799 984 1850 solit03
1023 1801 1130 1842 hanc
1154 1799 1206 1842 C.
1236 1812 1379 1854 aquam
1412 1799 1626 1840 lictor-alem
1647 1797 1829 1838 vocabo.

291 1912 336 1950 4.
373 1896 411 1938 E
447 1896 624 1937 brachio
655 1896 807 1938 Neuae
829 1895 975 1948 Moyka
1011 1897 1149 1947 didio,
1187 1896 1341 1938 direc‘te
1378 1895 1518 1937 versus
1555 1894 1689 1936 finum
1724 1894 1832 1936 Fen-

420 1961 566 2001 nicum
602 1961 829 2009 tendente;
867 1960 923 2002 D.
960 1973 1066 2014 aqua
1100 1960 1262 2013 Moyka.

296 2068 339 2109 5.
379 2055 724 2111 Comparationis
761 2069 866 2110 crgo
902 2070 1046 2111 aquam
1078 2064 1282 2111 puteorum
1317 2059 1358 2098 in
1396 2058 1531 2099 hortis
1554 2065 1598 2097 et
1618 2055 1737 2096 cellis
1769 2055 1833 2094 iu·-

418 2123 532 2162 ferae
569 2121 697 2175 partis
719 2121 833 2162 vrbis
854 2122 1101 2163 cffofforum
1127 2123 1254 2163 etiam
1285 2122 1510 2176 explorare
1541 2120 1687 2171 volui,
1724 2131 1830 2173 quae

427 2186 601 2240 quidem
648 2195 849 2240 tanquam
895 2199 1012 2226 mere
1055 2187 1281 2240 paludosa,
1338 2187 1563 2228 hominum
1609 2184 1731 2239 potui
1768 2183 1834 2222 in-

417 2250 572 2291 seruire
618 2263 705 2292 non
750 2249 884 2304 solet,
936 2259 1120 2292 attamen
1166 2253 1351 2293 multum
1393 2253 1438 2294 in
1481 2251 1553 2293 vsu
1599 2248 1832 2292 domestico

420 2315 659 2356 adhibetur.
1680 2343 1839 2387 Cuius-
