1971 2672
689 195 842 210 --
874 176 1030 233 (199)
1064 190 1217 205 ·-·-

161 299 290 341 corde
336 297 463 338 etiam
500 293 637 337 multo
674 293 932 336 luculentius
970 304 1035 332 res
1072 290 1220 333 eadem
1257 299 1460 343 apparet,
1511 288 1583 331 vbi
1621 288 1757 344 prima

158 363 302 418 portio
338 364 392 414 a)
437 362 487 402 ad
525 359 677 402 fasciae
712 356 971 399 infundibuli
996 356 1200 410 insignem
1219 354 1429 404 latamque
1454 353 1600 395 fibram
1621 352 1755 395 fibril-

158 428 209 468 lis
253 426 446 467 resolutis
490 425 631 475 redit,
684 423 823 464 media
867 435 969 463 vero
1005 419 1058 473 b)
1102 420 1276 473 longam
1313 415 1442 473 efficit
1477 419 1754 469 portionem,

160 492 260 532 dum
299 491 436 531 breuis
483 489 532 530 ad
577 489 751 543 longam
795 486 833 527 se
868 485 1051 541 applicat
1103 486 1166 538 c).
1239 482 1340 524 Vidi
1394 492 1532 521 tamen
1579 482 1618 522 in
1663 482 1754 523 aliis

160 555 361 597 cordibus
398 554 609 595 eiusmodi
645 553 826 607 primam
863 552 1140 605 portionem,
1192 548 1387 588 insertam
1422 545 1463 585 in
1500 543 1755 586 infundibuli

161 620 353 669 fasciam,
389 618 584 659 deficere.
652 617 878 659 Videsex
913 615 1004 664 his,
1040 613 1128 653 sere
1164 611 1350 664 singula,
1396 622 1502 664 quae
1540 610 1591 649 de
1628 623 1757 663 angu-

162 683 318 725 laribus
353 682 468 723 fibris
505 683 546 722 in
582 680 873 733 descriptione,
899 689 1046 725 earum
1082 677 1198 730 dixi,
1253 674 1422 716 duobus
1460 674 1525 714 his
1563 686 1759 714 commu-

161 749 228 788 nia
263 748 341 788 esse
370 745 603 797 cordibus,
639 756 716 785 nec
753 742 994 796 quidquam*
1024 754 1159 794 prope
1196 739 1260 781 illi
1297 738 1570 792 descriptioni
1607 737 1759 787 inesse,

162 813 278 866 quod
315 812 365 852 ad
400 809 667 850 indiuiduum
703 807 959 861 pertineret,
997 805 1069 846 nisi
1091 805 1200 846 forte
1231 814 1402 846 acutum
1432 801 1760 851 rostriformem‚

164 890 250 931 quo
285 876 326 915 in
363 887 528 916 crenam
565 872 604 913 se
640 870 806 921 inserit,
858 869 988 910 finem
1024 870 1067 910 in
1103 871 1244 923 primo
1282 868 1437 918 corde,
1473 877 1516 907 et
1551 867 1622 921 qui
1666 865 1761 905 sim-

160 942 263 995 plex
295 940 336 979 in
375 939 458 980 hoc
493 947 536 979 et
571 937 662 978 aliis
699 943 891 989 repertus
937 934 1016 985 est,
1069 934 1152 974 huc
1199 931 1355 973 referre
1400 930 1520 972 velis.
1590 929 1760 971 Deinde

161 1004 339 1046 omnino
375 1001 641 1043 transuerfim
679 1000 721 1040 in
758 999 841 1057 hoc
878 999 1008 1039 corde
1045 998 1254 1052 angularis
1295 995 1416 1037 fascia
1460 995 1760 1050 progreditur,

162 1082 269 1122 quae
308 1066 527 1120 obliquior
564 1066 605 1106 in
640 1064 770 1106 corde
808 1063 949 1118 primo
972 1059 1102 1114 erat,
1139 1062 1251 1102 vnde
1281 1070 1324 1100 et
1349 1059 1562 1113 angustior
1597 1060 1637 1099 in
1676 1059 1759 1099 hoc

162 1134 293 1173 corde
337 1131 582 1172 extremitas
626 1128 773 1170 fasciae
818 1126 1078 1168 infundibuli
1118 1125 1305 1180 pendere
1343 1125 1523 1165 videtur.
1601 1123 1758 1165 Simili-

163 1209 244 1249 que
282 1196 414 1236 modo
451 1205 494 1235 et
529 1195 569 1235 in
606 1193 808 1245 caeteris,
846 1204 951 1246 quae
990 1191 1106 1244 vicli,
1141 1189 1344 1231 cordibus
1383 1189 1460 1230 hae
1501 1188 1630 1230 fibrae
1661 1199 1760 1228 cnm

164 1259 378 1313 descriptis
416 1259 694 1300 conueniunt.

646 1383 700 1427 Et
734 1384 927 1427 ventralis
961 1385 1000 1426 in
1035 1376 1269 1439 ssz-niuerfitm.

358 1461 558 1505 Veneram
585 1460 743 1519 faselo,
779 1465 819 1504 in
842 1461 1084 1505 vniuersum
1115 1463 1315 1516 (pettam,
1351 1461 1462 1503 haud
1487 1459 1624 1501 minu<
1651 1471 1754 1500 cou-

162 1527 265 1567 stnns
303 1538 480 1578 reperta.
551 1527 657 1567 Orta
692 1540 746 1566 ex
781 1527 923 1577 fibris,
979 1540 998 1566 a
1036 1527 1125 1566 stria
1162 1525 1484 1575 secedentibus,
1535 1525 1590 1576 A>
1629 1536 1762 1564 traw-

162 1591 310 1630 verlim
349 1589 434 1630 fere
472 1591 521 1631 ad
559 1591 793 1644 marginem
831 1591 1102 1644 progreditur
1137 1591 1179 1630 in
1217 1591 1346 1630 corde
1385 1599 1598 1642 nmque,
1652 1588 1760 1626 circa

166 1667 291 1708 quem
330 1655 462 1703 flexa,
513 1655 554 1695 in
592 1655 745 1697 multus
784 1656 966 1694 minores·
1009 1655 1196 1695 liil'ciolas
1234 1654 1462 1703 diuiditur,
1511 1663 1550 1692 et
1594 1653 1632 1692 in
1671 1664 1762 1692 crc-

163 1732 258 1758 nam
297 1717 333 1758 se
370 1717 521 1758 inserit.
591 1719 784 1759 Minores
823 1719 894 1759 has
934 1717 1120 1758 fzu'ciolas
1159 1718 1332 1758 minime
1371 1717 1602 1756 constantes
1641 1717 1762 1755 iuue-

163 1783 219 1823 ni.
290 1782 445 1835 Neque
482 1782 520 1822 id
562 1784 599 1822 in
635 1784 768 1837 prima
805 1796 947 1823 earum
986 1783 1268 1835 descriptione
1322 1781 1496 1834 spcrmi.
1569 1782 1760 1833 (ompu-

161 1847 269 1888 ratio
306 1845 428 1886 huius
464 1848 603 1888 cordis
640 1854 686 1902 e)
723 1860 820 1888 cum
857 1848 986 1887 corde
1024 1845 1247 1902 primos)
1285 1845 1406 1886 facile
1445 1845 1650 1896 docebit,
1691 1845 1761 1883 vix·

1633 1907 1761 1947 xllnui

212 2054 244 2077 a·
274 2043 347 2077 'I'ab
386 2045 438 2078 lV.
466 2056 509 2088 ¹9-
538 2056 591 2081 20.
618 2057 662 2081 ει.
688 2057 737 2085 22,
763 2057 810 2089 23.
838 2056 890 2088 24.
920 2055 967 2089 25.

209 2111 243 2139 ὸ)
273 2106 356 2138 Tub.
387 2104 440 2140 lv,
469 2109 521 2141 26.
550 2119 599 2154 ²7·
627 2115 677 2148 28.

204 2181 218 2202 ι
263 2169 350 2202 'I'ub-
380 2170 433 2204 lV.
461 2181 512 2213 29.
543 2183 596 2217 30.
646 2172 731 2208 'l'aln
746 2171 769 2208 1.
797 2184 848 2216 24.
877 2182 928 2215 30.
958 2182 1003 2216 3¹·

207 2234 250 2274 d)
278 2233 362 2266 Tab.
390 2232 446 2267 Vl.
472 2233 501 2267 h.
518 2233 552 2280 s.
575 2246 611 2282 g.
637 2234 657 2270 1.
685 2248 723 2270 m.
746 2249 781 2273 x.
809 2249 837 2284 3.
865 2244 919 2280 48.
948 2249 1023 2272 100.
1080 2236 1167 2271 Tab.
1196 2233 1256 2270 111.
1284 2246 1331 2277 5⁴·
1362 2235 1418 2268 62.
1449 2234 1495 2272 63.
1524 2233 1578 2271 68.
1602 2242 1657 2272 70.
1687 2244 1740 2277 72.

206 2305 233 2329 ι’
265 2296 340 2329 Tab
368 2295 423 2332 lv.
451 2308 494 2339 32.
524 2308 570 2340 33.
597 2309 644 2341 3⁴·
673 2311 716 2343 35.
747 2310 805 2339 etc,

197 2358 247 2406 s)
275 2360 359 2394 Tab.
387 2361 410 2393 I.
440 2371 488 2403 37-
515 2367 565 2402 38.
593 2371 647 2403 4ο.
675 2373 722 2404 41.
749 2374 804 2405 44.
