1971 2672
678 148 1203 203 =(22)=

337 265 538 309 Cuiusuis
582 277 714 318 aquae
760 262 1065 317 quinquaginta
1109 261 1236 302 libras
1295 263 1480 304 medicas
1531 262 1598 303 scu
1653 262 1747 302 sex-

143 342 283 375 centas
320 332 462 372 vncias
501 329 618 370 sumsi
653 339 696 369 et
739 328 1048 381 deperditionis
1094 326 1349 381 supplendae
1398 326 1515 368 causa
1552 328 1744 382 quinque

140 398 284 439 vncias
320 396 501 451 ponderi
537 393 819 449 superaddidi.

653 517 1137 598 Experimentum
1183 516 1224 575 Ι.

333 617 451 671 Aqua
483 615 633 670 supera
666 615 719 656 A.
765 630 842 669 per
888 615 1163 668 quadraginta
1199 614 1297 653 οέὶο
1335 613 1462 653 horas
1509 611 1548 651 in
1594 611 1739 665 lagena

139 682 313 734 hyaliaa
348 683 565 732 ass'eruata,
600 678 886 734 puluisculum
925 677 1034 732 quali
1056 679 1098 742 in
1123 677 1265 718 fundo
1282 676 1515 731 deposuisse
1551 674 1636 716 visa
1671 677 1739 717 est.

329 807 579 861 Limpiditas
617 815 859 855 caeterum,
897 806 1132 858 odorisque
1155 814 1198 845 et
1223 804 1379 858 saporis
1417 801 1607 844 defectus
1643 816 1743 857 per-

135 886 286 928 puram
322 873 522 913 indicant.
590 870 764 924 Agitata
807 869 990 910 bullulas
1039 869 1150 910 haud
1194 868 1385 923 copiosas
1432 866 1545 916 edit5
1601 880 1741 922 neque

134 937 417 994 ponderosior
452 936 508 976 est
543 947 670 989 quam
707 948 814 989 aqua
849 934 1062 988 pluuialis.

326 1064 418 1105 Inla
464 1076 568 1118 gena
612 1063 744 1104 vitrea
787 1063 1008 1114 obturata,
1059 1074 1136 1115 per
1190 1060 1518 1115 quatuordecim
1571 1059 1736 1101 menses

132 1128 264 1171 cellae
301 1129 542 1182 commissa,
581 1127 689 1168 nihil
725 1127 905 1168 omniuo
942 1136 1101 1168 mutata
1136 1125 1206 1166 est.

322 1257 462 1309 Aquae
497 1255 671 1308 reliquae
705 1255 767 1306 B,
805 1254 840 1296 C
863 1264 906 1295 et
927 1254 982 1294 D.
1008 1254 1095 1294 fere
1132 1254 1289 1294 eodem
1327 1253 1461 1294 modo
1498 1251 1536 1293 se
1574 1252 1736 1294 habue-

128 1328 250 1370 runt,
272 1321 342 1360 nisi
364 1320 479 1372 quod
516 1319 661 1371 lagena
688 1318 743 1358 D.
766 1319 1070 1371 copiofiorem‚
1109 1331 1234 1371 quam
1271 1318 1479 1367 reliquae,
1514 1317 1736 1370 puluiscu-

126 1383 216 1425 lum
253 1382 604 1437 depol'uiffe.vil'a
642 1381 711 1421 est.
783 1381 929 1422 Plures
966 1392 1107 1422 autem
1145 1395 1279 1436 aquae
1316 1391 1534 1435 potatores
1579 1392 1736 1434 aquarn

125 1459 149 1487 e
188 1447 329 1487 medio
367 1447 552 1488 fluminis
591 1446 810 1499 haustam7·
839 1446 888 1487 ab
926 1460 1032 1500 aqua
1069 1446 1244 1487 littorali
1281 1456 1324 1486 et
1358 1445 1576 1498 Moycae,
1615 1444 1735 1498 gustu

129 1510 382 1564 distinguere
421 1511 527 1550 bene
565 1510 733 1550 callent.

624 1631 1106 1712 Experimentum
1155 1631 1222 1691 ΙΙ.

316 1732 567 1787 Agitatione
603 1746 708 1786 aqua
740 1733 881 1774 Neuae
918 1734 970 1775 A.
1008 1733 1191 1775 bullulas
1230 1745 1314 1773 non
1353 1732 1526 1786 copiose
1564 1730 1728 1785 prodit,

123 1809 265 1850 neque
310 1798 450 1839 calore
495 1799 700 1853 digestiuo
747 1798 929 1839 multum
975 1799 1079 1839 ak'ris
1117 1799 1158 1838 in
1196 1797 1374 1838 veficam
1412 1796 1532 1837 collo
1567 1807 1730 1850 appen-

123 1862 208 1902 sam
252 1862 458 1915 expellit,
511 1872 553 1903 et
596 1863 698 1903 licet
740 1863 844 1904 haec
891 1862 1157 1903 subinflectus
1195 1875 1215 1902 a
1252 1862 1421 1911 calore,
1477 1859 1726 1913 refrigerata

124 1933 264 1966 tamen
310 1926 442 1968 vefica
485 1927 638 1968 iterum
674 1926 937 1968 collebascit.
1007 1926 1225 1968 Destillata
1260 1939 1337 1980 per
1371 1936 1574 1966 retortam
1613 1923 1726 1963 Tin-

123 1990 281 2029 c'turam
318 1990 564 2044 heliotropii
601 1991 851 2045 suppositam
890 2003 974 2031 non
999 1991 1236 2032 decolorat.
1305 1989 1512 2031 Adhibita
1534 1989 1584 2029 ad
1617 1999 1723 2028 con-

123 2051 349 2094 fectionem
387 2067 517 2108 aquae
553 2055 778 2098 selteranae
814 2055 1040 2097 artificialis
1078 2055 1170 2109 plus
1193 2054 1298 2096 a'e'ris
1330 2053 1556 2102 absorbet,
1594 2063 1721 2105 quam

121 2130 226 2170 aqua
264 2117 449 2158 fontana.
518 2119 699 2162 Forsitan
736 2122 769 2161 is
807 2119 993 2160 defectus
1037 2121 1142 2161 aeris
1179 2129 1304 2173 atque
1337 2119 1443 2158 acidi
1481 2117 1608 2167 a'e'rii7
1645 2128 1720 2156 cu-

117 2181 183 2221 ius
208 2181 325 2222 causa
360 2183 401 2221 in
440 2182 558 2223 cursu
593 2184 778 2225 fluminis
815 2184 1038 2235 celeriore,
1070 2197 1223 2237 aqueas
1258 2181 1485 2237 particulas
1522 2181 1717 2222 adteren-

119 2255 185 2296 tc,
222 2246 322 2286 etin
346 2245 594 2301 superficiei,
633 2262 757 2304 quam
792 2258 992 2303 occupat,
1022 2248 1247 2290 latitudine
1286 2246 1526 2300 quaerenda
1543 2246 1627 2287 effe
1651 2244 1714 2285 vi*

1590 2310 1712 2350 detur
