1971 2672
725 158 875 164 ..Ἠ-ψ
944 139 1061 178 diff&
1101 160 1249 166 mm.-

373 240 467 282 sunt
503 239 559 280 ob
596 238 761 280 causam
799 240 1007 292 eandem,
1056 254 1153 282 cnm
1189 241 1371 283 inferior
1406 241 1647 295 superficies
1687 245 1795 286 deli-

373 315 583 348 neat-etur.
653 304 770 345 Vera
815 304 1015 344 focorum
1058 315 1104 346 et
1144 307 1280 346 centri
1318 308 1561 348 communis
1597 309 1714 350 sedes
1751 311 1793 350 in

376 371 568 424 margine
604 370 746 423 potius
782 379 854 409 ant
888 370 1089 422 proxime
1123 370 1176 411 ad
1214 384 1312 411 eum
1349 370 1390 411 in
1427 371 1626 414 altervtra
1652 374 1794 429 super-

370 435 496 487 ficie,
531 435 573 474 in
610 432 911 474 Ditscrtatione
948 436 1232 489 praecedente
1270 435 1476 490 descripta
1511 437 1581 477 est.

250 515 354 553 105.
392 499 656 542 Extremitas
695 495 873 539 funiculi
909 501 1203 552 procurrentis
1239 501 1389 554 longi⁷
1432 514 1539 554 quae
1577 501 1711 556 prima
1746 502 1798 543 fi-

375 566 448 606 bra
481 563 570 605 soci
607 561 823 603 inferioris
862 563 1004 614 (Tab.
1044 565 1124 606 VI.
1163 566 1268 618 76.)
1305 565 1378 617 est,
1414 576 1457 606 et
1475 567 1797 608 extremitatem

374 631 466 672 eius
520 627 785 683 superiorem
835 628 1135 671 sinisteriorem
1169 631 1318 684 efficit,
1353 631 1599 686 proximam
1646 642 1797 674 centro

376 707 616 737 communi.

217 763 321 803 106.
357 760 458 801 Pars
505 758 704 813 proxime
748 757 928 812 sequens
973 757 1061 799 foci
1106 757 1321 799 inferioris
1367 760 1623 813 (Tab.V1.
1673 761 1799 815 75.).,

373 824 537 864 vltimis
576 821 767 862 constans
801 822 921 863 fibris
956 823 1122 863 ordinis
1160 824 1351 877 secundi,
1386 825 1446 865 vti
1478 839 1499 865 a
1523 826 1698 867 caeteris
1720 826 1802 868 hu·

373 889 440 929 ius
474 886 642 928 ordinis
676 885 795 928 fibris
835 887 958 928 focus
993 887 1174 929 inferior
1208 888 1401 944 reliquus
1437 889 1635 932 efficitur.

878 1010 1005 1063 Tab.
1039 1011 1102 1063 V·

245 1114 455 1168 Eiusdem
496 1113 643 1154 cordis
688 1112 820 1155 fibrae
862 1125 1067 1156 externae
1103 1115 1143 1155 in
1180 1114 1401 1169 superficie
1439 1116 1598 1158 bafilari
1636 1126 1678 1158 et
1714 1118 1802 1157 ori·

378 1179 499 1234 gines
537 1177 730 1226 funium3
781 1189 898 1221 aorta
934 1190 976 1219 et
1011 1180 1158 1221 arteria
1194 1181 1435 1234 pulmonali
1457 1212 1470 1236 7
1507 1192 1554 1223 vt
1588 1183 1631 1223 in
1669 1183 1800 1223 corde

379 1245 544 1299 priori,
582 1243 764 1296 rekffls,
800 1258 916 1284 cono
952 1245 1157 1286 arterioso
1193 1245 1374 1287 reflexo.

247 1322 288 1349 α.
324 1308 488 1350 Aortae
522 1307 716 1349 abscissae
751 1309 913 1349 lumen.

247 1385 286 1426 b.
323 1386 524 1439 Angulus
559 1385 712 1424 dexter
746 1394 889 1425 aortae
922 1385 974 1426 ad
1011 1384 1123 1425 basin
1160 1385 1306 1438 (Tab.
1344 1384 1399 1425 ΙΙ.
1442 1386 1569 1439 13.).

249 1476 282 1504 c.
320 1461 520 1515 Angulus
557 1460 712 1501 finister
749 1461 894 1515 (Tab.
930 1461 987 1501 ΙΙ.
1026 1462 1097 1514 3.)
1121 1491 1134 1513 ,
1170 1462 1240 1501 cui
1276 1461 1464 1502 nodulus
1502 1462 1800 1516 cartilagincus

378 1525 535 1566 finister
570 1524 734 1565 infidet.

248 1591 287 1632 d.
325 1589 587 1633 Concauitas
626 1599 768 1630 aortae
802 1591 993 1631 anterior
1029 1589 1173 1643 (Tab.
1211 1588 1267 1630 II.
1305 1588 1393 1644 D.)

251 1668 284 1697 e.
320 1657 451 1697 Latus
493 1654 736 1709 posterius,
793 1656 908 1708 quod
954 1655 1111 1709 pariter
1154 1655 1196 1695 in
1244 1655 1328 1695 hoc
1366 1654 1496 1696 corde
1534 1668 1579 1696 ac
1617 1654 1802 1696 anterius

381 1733 641 1771 concauum,
678 1732 776 1760 cnm
811 1721 958 1775 potius
993 1720 1222 1761 introrsum
1256 1733 1506 1761 connexum
1541 1720 1584 1760 id
1605 1719 1648 1760 in
1673 1720 1801 1760 corde

383 1785 518 1840 priori
555 1785 622 1825 est.
661 1784 805 1837 (Tab.
843 1785 951 1838 IL).

240 1846 282 1905 s.
318 1848 419 1890 Alia
454 1850 498 1890 in
534 1850 622 1890 hoc
658 1850 789 1890 corde
826 1851 1032 1901 varietas,
1075 1848 1265 1890 defectus
1301 1848 1363 1889 fili
1400 1848 1661 1903 cartilaginei
1700 1849 1804 1889 dex-

386 1914 453 1955 tri.
520 1914 742 1955 Nimirum
778 1913 866 1956 sola
903 1914 1106 1956 cellulosa
1142 1915 1183 1954 in
1222 1924 1310 1955 tota
1347 1914 1424 1955 hac
1463 1914 1575 1965 sede,
1611 1915 1713 1955 loco
1743 1913 1802 1956 fili

387 1978 683 2033 cartilaginei‚
735 1979 845 2020 sinus
892 1981 1042 2021 dexter
1084 1991 1184 2019 cum
1232 1979 1386 2019 dextro
1423 1979 1663 2020 ventriculo
1701 1991 1806 2019 con-

381 2045 548 2085 iunehls
594 2053 707 2092 erat3
759 2053 806 2084 vt
857 2045 992 2085 soluta
1026 2044 1345 2098 praeparatione
1381 2043 1583 2085 fibrarum
1620 2053 1808 2084 remota-

387 2121 468 2163 que
505 2109 625 2149 omni
662 2108 892 2161 cellulosa,
946 2109 1107 2157 fissura,
1144 2109 1186 2148 in
1222 2109 1448 2150 cauitatem
1485 2110 1627 2149 cordis
1667 2109 1804 2159 hians,

383 2183 617 2227 appareret.
687 2173 944 2216 Membrana
988 2173 1145 2214 scilicet
1190 2174 1387 2228 interna,
1437 2188 1460 2216 a
1495 2174 1688 2215 valuulae
1728 2174 1805 2214 du-

382 2238 592 2293 plicatum
627 2239 872 2282 continuata
907 2238 1091 2294 disrupta
1126 2237 1220 2280 fuit.

1672 2315 1714 2356 g.
1734 2302 1802 2343 Fi-
