1971 2672
689 204 840 219 ——
872 187 1026 244 (207)
1060 205 1211 219 —-

207 323 259 351 w.
294 308 504 351 Foramen
551 319 631 361 pro
667 304 840 348 arteriae
883 301 1124 344 caronariae
1179 312 1299 340 ramo
1353 301 1569 353 maximo,
1622 301 1744 342 cuius

335 375 436 414 loco
473 373 515 412 in
552 371 682 413 corde
719 369 853 425 priori
889 367 974 422 ipse
1012 376 1185 408 truncus
1222 363 1294 405 sub
1338 377 1518 419 pontem
1559 367 1596 407 se
1632 367 1744 408 reci·

336 437 478 492 picbat
513 435 646 489 (Tab.
684 435 716 476 Ι.
751 435 829 488 8.).

203 530 246 557 x.
283 516 483 557 Alterum
520 513 658 552 minus
697 508 1004 552 foraminulum
1039 521 1119 563 pro
1155 506 1323 548 ramulo
1359 505 1541 546 minore.

190 608 238 647 y.
274 593 508 636 Terminus
545 593 655 633 inter
691 590 1020 633 circumflexum
1057 589 1257 629 dextrum
1302 586 1564 643 superiorem
1602 594 1643 624 et
1677 585 1743 626 in-

334 657 535 699 feriorem
570 656 613 696 in
650 655 839 709 margine
876 651 1050 693 basilari.

189 749 236 788 y.
274 735 318 777 F.
340 748 382 776 v.
408 746 447 774 2.
486 731 800 775 Circumflexus
838 731 989 770 dexter
1025 728 1217 782 superior
1250 728 1333 770 siue
1369 725 1629 782 pulmonalis
1665 738 1744 779 po-

332 799 475 840 sterior
509 796 643 848 (Tab.
672 795 705 836 1.
744 794 834 847 4.)‚
872 794 943 849 qui
980 794 1129 847 primis
1165 793 1308 844 fibris,
1342 802 1389 833 vt
1424 791 1556 843 solet,
1592 792 1634 831 in
1672 789 1744 830 ba-

330 864 388 905 fin
423 860 595 903 arteriae
632 859 890 914 pulmonalis
911 868 954 898 et
982 858 1023 896 in
1061 858 1189 898 latam
1225 869 1421 910 magnam
1458 857 1609 897 fibram
1645 853 1742 907 pul-

330 927 574 974 monalem.,
625 923 898 977 sequentibus
945 931 1086 963 autem
1130 922 1423 962 continuando
1459 922 1501 961 in
1537 918 1641 974 ipsas
1678 918 1742 957 in·

329 991 519 1032 teriectas
557 988 681 1029 fibras
718 987 805 1041 (2.)
843 986 995 1027 transit.

183 1082 233 1122 y.
260 1083 298 1111 z.
334 1083 372 1108 1.
411 1066 726 1110 Circumstexus
763 1067 913 1107 dexter
947 1063 1150 1114 inferior,
1185 1062 1268 1104 siue
1306 1062 1510 1113 aorticus,
1547 1060 1683 1113 (Tab.
1705 1057 1739 1099 I.

332 1134 403 1186 5.)
439 1132 558 1173 cuius
594 1131 754 1186 primae
785 1130 914 1170 fibrae
950 1129 992 1169 in
1029 1128 1264 1168 interiee'tas
1297 1126 1590 1168 continuando
1628 1135 1739 1164 tran-

329 1198 448 1238 seunt
483 1195 605 1250 (3.)‚
658 1195 880 1249 sequentes
925 1195 966 1233 in
1013 1192 1265 1246 singularem
1312 1192 1437 1232 huius
1476 1189 1651 1230 musculi
1689 1188 1740 1228 ss-

331 1262 446 1302 bram
484 1260 656 1314 longam
687 1258 812 1312 (1.),
848 1270 954 1312 quae
990 1256 1075 1311 ipsa
1111 1257 1162 1297 ad
1198 1268 1366 1298 crenam
1402 1255 1623 1312 pervenit,
1674 1253 1739 1292 in-

327 1325 532 1365 seruntur.

195 1402 234 1430 z.
272 1388 508 1429 Terminus
544 1388 652 1427 inter
698 1385 1024 1427 circumflexum
1070 1385 1269 1426 dextrum
1315 1382 1562 1425 inferiorem
1598 1391 1641 1422 et
1677 1379 1739 1422 fa-

326 1452 450 1493 sciam
487 1464 683 1505 magnam
722 1450 982 1491 infundibuli
1020 1450 1061 1489 in
1098 1451 1288 1504 margine
1327 1447 1499 1489 bafilari.

202 1541 241 1567 1.
276 1529 400 1569 Fibra
437 1529 564 1581 longa
601 1529 640 1566 in
678 1528 761 1567 hoc
800 1527 930 1566 corde
966 1527 1232 1567 circumflexi
1269 1525 1510 1576 inferioris,
1546 1524 1586 1563 in
1609 1534 1735 1576 quam

327 1592 515 1645 reliquae
553 1591 681 1631 fibrae
719 1590 783 1642 (7.
822 1592 886 1644 7.)
923 1591 1174 1631 inseruntur.

201 1681 240 1709 2.
278 1681 318 1718 3.
356 1684 399 1720 4.
437 1684 478 1719 4.
518 1681 557 1718 ς.
598 1680 636 1717 ς.
669 1671 708 1707 6.
747 1668 895 1709 Fibrae
931 1669 1171 1710 interiet‘iae
1209 1667 1396 1719 (Tab.l.
1437 1667 1518 1719 7.),
1556 1677 1734 1720 quarum

325 1734 486 1787 primae
521 1732 859 1774 a'circumflexo
895 1732 1099 1785 superiori
1137 1732 1249 1785 (2.),
1295 1733 1398 1773 aliae
1435 1732 1548 1783 (3.),
1584 1730 1633 1771 ab
1671 1730 1735 1769 in·

326 1797 494 1849 seriori,
530 1797 631 1838 aliae
669 1797 732 1847 (4.
771 1798 836 1850 4.)
873 1811 894 1837 a
930 1797 1034 1837 fibra
1070 1798 1196 1851 longa
1234 1796 1448 1837 inferioris
1487 1795 1609 1847 (1.),
1646 1795 1734 1835 ori-

266 1899 268 1902 .
325 1873 475 1913 untur,
512 1861 746 1902 inseruntur
782 1862 823 1901 in
861 1871 1038 1916 pontem
1076 1861 1140 1914 (5.
1180 1874 1220 1910 5.
1260 1864 1342 1915 6.).‚
1376 1872 1421 1900 vt
1456 1859 1607 1901 solent.

197 1951 237 1984 7.
276 1950 316 1988 7.
355 1935 529 1976 Insertio
566 1936 829 1978 circumflexi
866 1932 1098 1977 inferioris.

201 2024 238 2058 8.
272 2028 310 2054 z.
347 2029 389 2064 9.
432 2027 501 2054 12.
543 2027 611 2064 13.
646 2027 716 2066 14.
757 2028 828 2065 15.
871 2018 940 2055 16.
983 2028 1052 2068 17.
1106 2015 1246 2057 Fascia
1283 2027 1434 2069 magna
1469 2011 1730 2054 infundibuli

324 2078 456 2129 (Τὼ.
494 2078 524 2118 Ι.
564 2089 601 2123 8.
642 2092 710 2130 14.
750 2095 792 2131 9.
836 2081 941 2133 17.).

199 2150 237 2184 8.
273 2156 315 2191 9.
354 2141 516 2183 Primae
553 2145 640 2184 eius
678 2143 804 2185 fibrae
842 2146 890 2185 ad
929 2157 1098 2186 crenam
1136 2146 1450 2199 peruenientes.

200 2229 268 2255 10.
309 2229 378 2256 11.
416 2217 648 2271 Sequentcs
685 2219 812 2262 fibrae
849 2222 898 2262 ad
935 2221 1100 2275 priores
1138 2221 1386 2274 applicatae.

198 2308 266 2335 12.
307 2308 376 2345 13.
413 2297 646 2351 Sequentes
683 2299 731 2339 ad
763 2313 932 2341 crenam
969 2301 1241 2342 transcuntes.

1655 2373 1722 2413 ¹4-
