1971 2672
746 168 899 180 --“
933 149 1087 204 (234)
1123 157 1273 183 --’·

208 259 444 314 Logworms
480 262 573 303 sunt
604 262 818 303 notiffimi.
892 262 1069 304 Srunma
1104 265 1389 319 magnitudo,
1431 279 1509 319 qua
1545 279 1811 320 occurrunt,

209 326 264 366 est
299 327 396 366 ocio
433 328 482 368 ad
520 327 669 368 decem
705 328 931 381 pollicum,
968 338 1011 367 et
1047 329 1169 382 digiti
1205 331 1383 371 minoris
1421 332 1629 373 crassities.
1677 335 1807 375 leone

204 390 341 431 nostra
379 390 481 445 (fig.
525 392 626 444 19.)
663 394 877 433 minorem
916 393 1105 442 capi-effi.

403 518 555 574 Corpus
591 522 741 573 molle,
777 531 905 573 teres,
942 522 1078 563 antice
1110 523 1290 573 craffius,
1319 523 1686 575 subadtcnuatum,
1707 539 1809 566 con-

206 597 315 627 vexe
351 586 627 637 annulosum,
663 587 795 640 vulgo
832 586 1114 641 semipedale,
1151 588 1325 629 craffitie
1364 588 1515 629 calami
1551 589 1703 642 cyguei
1743 591 1810 631 iel

205 650 340 691 antice
376 651 552 692 minoris
591 651 724 705 digiti.

403 779 463 819 Os
498 780 675 832 laxum,
729 789 1004 833 truncatum,
1050 781 1163 822 labio
1201 781 1368 835 papillis
1405 783 1567 823 conicis
1606 782 1810 823 mollibus

207 842 413 883 confertis
451 843 587 884 obsito
610 872 623 895 ,
678 857 783 896 quae
820 855 862 884 et
896 846 939 885 in
977 844 1303 899 oesophagum,
1360 860 1441 900 pro
1478 847 1617 888 lubitu
1653 847 1811 888 vermis

205 906 502 960 exserendum,
539 908 854 950 continuantur.

398 1036 545 1078 Amulli
589 1038 783 1091 corporis
829 1052 1059 1080 connexo·
1075 1038 1280 1092 turgiduli
1301 1067 1314 1089 ,
1369 1038 1596 1092 granuloso
1617 1061 1636 1069 -
1654 1039 1778 1081 striati
1798 1069 1811 1091 ,

205 1102 568 1156 prominentiores
607 1103 774 1143 circiter
816 1116 885 1153 19.
923 1103 1262 1156 aequidistantes,
1304 1103 1443 1156 iisque
1479 1103 1683 1145 interiec‘ii
1718 1103 1814 1144 vbi-

208 1179 289 1220 que
328 1167 538 1220 quaterni,
573 1168 646 1207 nisi
666 1167 776 1208 inter
799 1167 907 1208 duos
928 1168 1110 1222 primos,
1128 1167 1200 1207 vbi
1219 1176 1383 1208 tantum
1403 1167 1488 1208 bini
1519 1166 1624 1220 (fig.
1651 1168 1745 1219 19.*
1757 1168 1791 1221 ).

399 1295 625 1351 Fasciculus
661 1296 729 1337 seu
765 1296 990 1350 penicillus
1027 1296 1253 1336 setularum
1289 1295 1588 1335 subaurearum
1625 1294 1811 1334 setaceus

206 1358 406 1412 vtrinque
461 1361 510 1400 ad
565 1359 737 1399 dorsum
787 1362 850 1408 in,
883 1359 1047 1412 singulo
1093 1359 1349 1398 annulorum
1386 1358 1812 1409 prominentiorum,

207 1424 403 1477 adeoque
445 1437 514 1473 19.
550 1424 739 1476 parium;
794 1436 978 1476 quorum
1015 1422 1173 1475 septem
1209 1421 1351 1474 priora
1385 1421 1613 1472 fimplicia,
1647 1420 1812 1472 reliqua

205 1487 365 1541 postice
401 1486 544 1540 stipata
578 1485 817 1527 branchidis
855 1486 924 1526 feu
962 1486 1110 1525 cirrhis
1147 1484 1328 1536 pinnatis
1366 1482 1471 1534 (fig.
1506 1483 1650 1534 19.*).
1719 1483 1812 1523 Hae

208 1551 436 1592 branchiae
472 1552 638 1591 interne
674 1561 717 1591 et
750 1550 908 1604 postice
945 1550 994 1590 ad
1032 1547 1260 1602 penicillos
1298 1545 1565 1596 enascuntur,
1592 1545 1813 1599 longiores

206 1615 367 1670 vbique
408 1628 447 1655 2.
483 1624 526 1655 et
561 1616 727 1669 aliquot
763 1615 970 1666 minores,
1004 1612 1152 1654 lineari
1188 1611 1452 1662 adtenuatae,
1487 1609 1683 1663 pinnatae
1717 1610 1814 1664 pin-

209 1680 320 1722 nulis
358 1680 591 1733 confertis,
635 1679 820 1721 ramofis.
1073 1670 1075 1673 Α

403 1809 567 1851 Annuli
603 1808 983 1863 prominentioreS,
1021 1803 1264 1860 praesertim
1301 1802 1574 1856 posteriores,
1611 1803 1661 1843 ad
1684 1802 1811 1844 latera

211 1870 511 1925 subbilabiati,
560 1883 606 1914 vt
653 1873 762 1927 quafi
804 1871 1148 1928 pcdunculorum
1186 1879 1434 1908 carncorum
1470 1867 1513 1907 in
1548 1865 1809 1908 Nereidibus

211 1935 382 1991 vestigia
418 1938 671 1991 exprimant.

406 2032 558 2087 Poflica
596 2034 788 2086 corporis
825 2033 1071 2075 extremitas
1108 2028 1339 2083 aequaliter
1374 2026 1602 2080 annulata,
1644 2035 1812 2068 trunca-

212 2105 252 2139 ta
265 2113 277 2148 ς
313 2099 381 2139 am·
417 2108 608 2152 apertura
645 2098 869 2139 terminali.

409 2193 532 2235 Color
573 2195 764 2236 animalis
811 2194 991 2235 recentis
1030 2191 1139 2245 quafi
1175 2191 1281 2232 cutis
1320 2189 1587 2245 quorundam
1623 2187 1813 2243 Nigrita-

215 2270 336 2312 rum,
372 2273 547 2301 carneus
570 2289 583 2315 ,
621 2260 843 2315 nigredIne
881 2258 1103 2301 obdud’tus.
1172 2255 1407 2299 Branchiae
1443 2253 1618 2297 albidae.

1751 2311 1810 2356 V.
