1971 2672
732 171 883 185 ·-·-
917 154 1073 210 (259)
1106 172 1261 197 ====

384 270 567 313 Narium
602 278 795 326 apertura
829 270 883 321 4{
919 268 1024 323 poll.
1064 269 1227 323 longar,
1280 268 1414 323 duplo
1450 271 1592 316 minor·
1624 273 1694 318 illa
1731 291 1796 319 rc-

193 336 325 379 centis
379 335 542 390 capitis.
628 332 727 376 Oss'a
769 332 1116 375 intermaxillaria
1153 332 1306 374 offibus
1343 334 1422 374 nasi
1459 337 1642 391 inserta,
1686 355 1794 396 quae

193 411 355 442 tantum
387 401 437 441 ad
475 399 693 442 dimidiam
730 399 999 451 altitudinem
1034 397 1502 450 ossiummaxillarium
1538 403 1795 449 adscendunt

191 466 234 505 in
270 465 446 505 recenti.
515 463 693 516 Verbo,
747 462 906 504 diuersa
941 473 984 503 et
1018 463 1071 504 ad
1107 475 1258 505 ceruos
1281 462 1430 517 .magis
1465 458 1668 510 accedens
1705 470 1795 526 spe-

188 531 277 573 eies
315 529 421 570 mihi
455 528 624 569 videtur
659 537 701 569 et
736 527 953 570 exstincta!

386 625 535 666 Robur
571 625 673 665 haec
709 625 870 680 addunt
904 622 1135 663 obseruatis
1171 621 1254 661 tuis
1291 621 1428 663 Tom.
1456 621 1578 664 XIII.
1615 638 1656 678 p.
1689 633 1794 677 463,

192 689 618 731 animaduertendum
655 696 835 738 tantum,
873 685 1012 726 crania
1046 686 1135 738 illa,
1169 685 1272 726 licet
1292 686 1519 741 bipedalia,
1540 691 1797 748 minuslon-

191 767 241 808 ga
276 755 354 794 effe
392 751 647 794 recentibus.
925 753 927 758 '
1461 750 1494 768 '·¹

385 848 568 889 Monere
605 846 682 888 hac
719 846 943 888 occafione
979 854 1179 901 oportet,
1218 847 1354 902 capita
1388 847 1803 902 pleraque-adulto,

189 925 284 955 rum
319 912 486 962 Boum,
523 911 804 962 Bufalorum,
842 911 1087 966 Equorum,
1127 910 1426 963 Camelorum,
1464 911 1799 970 Cameloparda-

189 979 296 1027 lum,
331 975 692 1027 Rhinocerotum,
728 975 1174 1029 Hippopotamorum,
1197 976 1304 1017 duos
1323 976 1455 1031 pedes
1479 977 1527 1019 ad
1550 980 1797 1035 minimum,

189 1051 231 1081 et
265 1041 306 1080 in
341 1038 585 1080 vniuersum
619 1040 748 1094 longa
789 1040 883 1080 effe.

675 1163 754 1214 De
786 1159 965 1214 offibus
999 1126 1302 1214 blemonteis.

382 1263 417 1316 ᾗ.
456 1266 499 1303 6.
552 1263 737 1304 Memini
774 1277 843 1306 me
879 1266 919 1306 in
956 1265 1078 1307 Parte
1100 1265 1154 1306 Π.
1191 1266 1329 1307 Tom.
1352 1266 1386 1308 Ι.
1410 1268 1558 1310 Αέῖοτ.
1583 1269 1792 1311 Academ.

190 1324 298 1380 Imp.
337 1326 405 1366 Sc.
443 1327 616 1379 Petrop.
653 1341 694 1380 p.
737 1340 839 1377 219.
886 1330 936 1369 ad
974 1329 1103 1370 finem
1139 1343 1179 1382 p.
1221 1343 1323 1370 222.
1371 1332 1633 1375 coniecturas
1679 1330 1793 1376 meas

188 1390 447 1443 proposuisse
486 1392 596 1430 circa
630 1391 713 1431 oss'a
748 1391 1016 1443 Mamontea,
1039 1406 1279 1448 eorumque
1299 1396 1501 1454 molares,
1528 1408 1653 1454 atque
1676 1399 1795 1452 plau-

188 1453 375 1494 fibilibus
432 1455 902 1508 argumentationibus,
958 1457 1024 1496 111.
1063 1456 1230 1498 Hunteri
1273 1459 1506 1501 obseruatis
1551 1461 1794 1515 fidentem,

191 1517 451 1557 monstrasse:
505 1517 807 1558 Mamonteum
843 1520 997 1560 animal
1034 1520 1279 1574 Elephanto
1316 1523 1448 1565 fimile
1471 1555 1484 1575 ,
1528 1537 1655 1580 atque
1693 1541 1795 1582 pro-

191 1581 361 1620 boscide
408 1590 605 1621 ornatum
653 1579 792 1630 fuifl‘e3
849 1585 944 1636 quia
981 1585 1020 1624 in
1062 1584 1171 1625 Phil.
1210 1587 1359 1628 Trans.
1396 1590 1536 1630 Lond.
1574 1591 1679 1632 Vol.
1719 1601 1792 1640 53.

190 1659 233 1699 p.
271 1657 344 1696 45.
382 1658 459 1699 pro
496 1654 614 1686 certo
650 1645 785 1686 statuit
820 1647 1004 1689 habuisse
1041 1649 1171 1690 demes
1205 1650 1393 1705 exfi’rtos,
1437 1654 1505 1694 sed
1541 1655 1726 1696 imm-tos!

387 1740 457 1781 Ab
493 1740 583 1795 ipso
620 1739 679 1785 W.
702 1741 893 1796 Hmzscro,
929 1747 1048 1786 cuius
1087 1735 1269 1789 amicitia
1309 1748 1458 1793 fruitus
1495 1751 1584 1793 sum
1621 1752 1672 1792 ab
1702 1751 1807 1796 Ans

194 1817 250 1845 no
291 1807 426 1854 1746.
463 1819 706 1860 acceperam
742 1808 874 1850 Anno
913 1820 1046 1863 1773.
1085 1811 1221 1853 dentis
1259 1814 1350 1870 ralis
1389 1815 1539 1856 exserti
1578 1816 1682 1870 pius‘
1714 1817 1795 1870 mio-

194 1882 270 1908 nus
308 1869 508 1921 incurui,
563 1883 586 1908 2
623 1873 718 1925 ped.
756 1886 853 1913 cum
892 1890 921 1924 4
956 1875 1060 1928 poll.
1096 1876 1235 1930 longi,
1273 1889 1434 1931 partem
1474 1880 1687 1933 solidam,
1739 1894 1790 1920 12

192 1932 298 1986 poll.
321 1933 506 1984 crassam,
543 1947 625 1975 non
662 1937 811 1990 procul
849 1951 869 1978 a
905 1939 1039 1978 fluuio
1078 1938 1255 1982 Ohione
1293 1943 1516 1986 Americcs
1556 1956 1789 1999 repertam:

194 1997 269 2036 hac
315 1997 488 2050 epistola
525 2002 877 2043 concomitatam:
915 2003 1100 2044 London
1138 2005 1246 2046 Dec.
1289 2020 1359 2058 24.
1404 2020 1537 2060 1775.
1584 2009 1718 2064 Isent
1755 2019 1791 2050 to

182 2072 262 2111 ⁴rou
299 2058 360 2100 the
389 2060 494 2101 [σοίῆ
527 2061 574 2118 os
601 2062 661 2105 the
696 2069 896 2107 american
930 2069 1166 2124 incognitum
1193 2068 1388 2126 soryour
1415 2074 1595 2127 museum,
1633 2073 1791 2115 -this

194 2126 226 2163 ic
261 2123 327 2162 but
362 2138 388 2164 a
422 2124 533 2167 third
559 2128 727 2187 part-os
745 2132 788 2171 it.
826 2131 872 2172 Id
909 2133 982 2184 est,
1020 2135 1190 2187 „mitto
1227 2132 1332 2176 Tibi
1371 2137 1541 2178 dentem
1581 2140 1789 2194 incogniti

194 2187 467 2239 „Americcs
522 2205 599 2247 pro
652 2204 726 2237 tuo
778 2195 924 2238 museo
966 2221 1030 2228 —-
1090 2199 1147 2241 est
1192 2203 1493 2244 tantummodo
1539 2195 1660 2246 tertia
1695 2218 1790 2259 pars

193 2281 222 2304 7,
245 2252 390 2293 totius.
406 2256 436 2278 ⁸⁴·

933 2323 972 2368 Κ
991 2327 1018 2369 k
1058 2339 1081 2367 2
1684 2333 1793 2375 Sub·
