1971 2672
647 229 797 235 ψ-
832 195 987 251 (217)
1021 211 1172 236 Ξ

298 309 564 366 superficiem
618 310 895 365 posteriorem
949 311 1049 351 coni
1103 309 1319 351 descendit
1368 312 1411 351 in
1468 314 1704 370 eademque

299 378 437 429 (53.)
474 376 680 416 inseritur.

169 466 243 507 54.
284 466 355 503 52.
394 454 514 495 Fibra
551 452 693 505 (Tab.
730 451 812 494 IV.
852 449 936 505 C.)
981 452 1021 492 in
1059 451 1151 492 aliis
1189 449 1391 492 cordibus
1428 450 1621 505 secunda,
1659 457 1702 498 in

296 531 465 560 crenam
503 517 675 568 inserta,
713 530 817 570 quae
855 517 895 557 in
935 516 1016 556 hoc
1055 517 1164 557 circa
1201 527 1360 556 conum
1395 514 1504 556 flexa
1539 519 1580 557 in
1612 521 1701 561 cius

294 582 512 636 superficie
550 582 770 636 posteriori
807 581 1000 622 inseritur
1036 580 1200 633 (52.).

138 672 203 704 ,z.
243 671 315 711 54.
355 660 558 713 Reliquae
593 659 803 708 fibrae,in
840 657 1038 698 anteriori
1075 655 1296 711 superficie
1333 655 1431 697 coni
1468 670 1489 698 a
1525 657 1604 698 basi
1642 673 1705 700 ar-

298 725 424 764 teriae
461 722 718 777 pulmonalis
753 731 870 761 ortae
893 751 906 772 ,
943 722 1052 761 circa
1088 734 1246 762 conum
1283 722 1436 774 flexae,
1471 731 1513 762 et
1547 723 1589 762 in
1625 737 1705 778 po—

295 788 454 828 steriori
491 788 580 827 eius
615 784 836 840 superficie
873 785 1047 826 insertae
1085 786 1358 840 (51.-52.).

163 877 202 907 z.
237 879 275 907 z.
314 866 478 907 Vltima
516 865 663 906 harum
701 863 919 914 fibrarum,
957 863 1102 916 (Tab.
1142 863 1223 904 IV.
1259 873 1287 903 t.
1325 861 1413 915 D.)
1468 863 1624 916 pariter
1658 865 1702 904 in

290 930 570 984 posteriorem
609 928 873 982 superficiem
912 927 1036 981 flexa,
1071 928 1114 968 in
1150 939 1284 981 eaque
1322 926 1572 983 breuiflima,
1595 941 1700 983 quae

291 995 334 1034 in
370 994 569 1035 anteriori
604 993 840 1046 longiliima
877 991 969 1032 fuit.

163 1084 208 1112 x.
236 1085 283 1124 y.
329 1085 367 1110 1.
412 1084 482 1120 53.
522 1070 737 1111 Prioribus
775 1071 939 1111 additae
976 1070 1017 1110 in
1055 1069 1139 1110 hoc
1177 1070 1306 1110 corde
1342 1069 1489 1122 fibrae,
1525 1083 1546 1112 a
1581 1079 1699 1124 parte

292 1136 527 1177 finisteriori
574 1135 743 1189 parietis
780 1134 1024 1189 posterioris
1070 1133 1170 1174 bafia·
1217 1135 1392 1175 arteriae
1437 1135 1697 1188 pulmonalis

293 1211 434 1251 ortae,
471 1200 586 1240 iuxta
619 1200 783 1253 priores
821 1199 926 1249 (53.
968 1199 1038 1252 1.)
1075 1198 1275 1249 insertae,
1308 1199 1351 1238 in
1386 1200 1546 1252 pariete
1583 1209 1699 1241 ante-

290 1265 393 1305 riori
429 1265 552 1318 plnne
589 1277 674 1304 non
712 1273 974 1316 apparentes.
1605 1256 1609 1261 ’

165 1347 204 1376 1.
244 1347 316 1385 53.
359 1348 430 1385 52.
470 1349 542 1384 5¹-
595 1336 728 1375 Linea
764 1335 1002 1375 insertionis
1040 1335 1410 1376 circumflexarum
1446 1335 1697 1377 finistrarum

143 1401 147 1406 '
285 1400 327 1439 in
363 1400 521 1453 pariete
558 1399 656 1439 coni
691 1399 927 1453 posteriori.

161 1486 202 1514 1.
244 1487 283 1514 2.
322 1488 362 1524 3.
402 1491 443 1526 4.
485 1487 524 1524 5.
567 1489 605 1514 1.
644 1478 685 1514 6.
727 1490 771 1527 7.
812 1485 849 1518 8.
905 1475 1169 1515 Pulmonalis
1214 1475 1455 1529 posterior,
1510 1477 1579 1517 seu
1616 1477 1696 1519 cir·

289 1539 526 1579 cumflexus
565 1539 714 1577 dexter
751 1537 938 1592 superior
975 1538 1119 1590 (Tab.
1157 1538 1213 1578 ΙΙ.
1256 1540 1380 1593 10.).

163 1636 204 1666 ι.
246 1638 284 1664 2.
324 1638 365 1674 3.
404 1641 446 1676 4.
487 1638 526 1675 5.
565 1625 698 1666 Solita
735 1627 877 1679 portio
915 1627 1087 1680 longior
1123 1626 1248 1666 huius
1285 1626 1503 1678 musculi,
1555 1642 1576 1669 a
1613 1628 1693 1670 basi

287 1691 458 1730 arteriae
495 1689 751 1743 pulmonalis
788 1691 991 1744 posterius
1029 1701 1143 1742 orta,
1190 1691 1464 1732 circumflexa
1499 1693 1540 1732 in
1577 1703 1696 1733 ante-

287 1755 444 1794 riorem
483 1753 758 1808 superficiem.
796 1755 940 1807 (Tab.
979 1755 1032 1795 ΙΙ.
1072 1769 1115 1805 9.
1158 1766 1227 1794 10.
1270 1768 1340 1795 11.
1382 1756 1511 1809 14.).

165 1855 202 1882 1.
242 1846 282 1882 6.
325 1858 366 1895 7.
409 1852 446 1888 8.
501 1843 682 1896 Eadem,
719 1858 824 1898 qnae
862 1846 901 1885 in
939 1845 1030 1886 :iliis
1067 1841 1268 1886 cordibus
1305 1847 1449 1900 portio
1486 1845 1690 1896 breuior,

288 1918 377 1947 orta
413 1922 433 1948 a
471 1907 568 1949 forsa
605 1910 870 1963 triangulari,
907 1910 955 1950 ad
979 1910 1207 1954 ‚aorticum
1238 1911 1449 1952 minorem
1485 1911 1691 1964 applicata

289 1971 431 2022 (Tab.
469 1971 522 2011 ll.
572 1985 640 2012 10.
683 1986 752 2012 11.
791 1975 903 2027 1..>,
957 1986 1065 2028 quae
1102 1975 1285 2015 maxima
1328 1985 1444 2028 parte
1490 1974 1688 2015 fibrarum

288 2035 337 2074 ad
375 2036 580 2076 norticum
617 2037 768 2090 pariter
803 2037 840 2078 sc
877 2038 1061 2092 applicat
1097 2030 1270 2090 quidem
1309 2037 1440 2093 (7.),
1492 2039 1588 2078 alias
1627 2049 1687 2078 m-

287 2111 382 2138 nacn
423 2099 545 2140 fibras
597 2101 700 2156 (s.)
753 2103 799 2142 ad
839 2103 1072 2156 marginem
1111 2102 1324 2144 bafilarem
1361 2114 1402 2144 et
1439 2104 1478 2142 in
1517 2102 1689 2156 superfi-

288 2163 397 2202 ciem
435 2163 691 2218 superiorem
728 2167 874 2219 mittit,
915 2167 1100 2222 longiori
1135 2167 1326 2222 portioni
1363 2167 1590 2208 adiuneias.

157 2285 278 2329 Noua
296 2289 549 2341 Ac7aAcad.
572 2291 671 2346 Imp.
692 2291 762 2335 Sc.
780 2293 823 2335 T.
843 2293 902 2334 11.
1163 2293 1201 2335 E
1238 2306 1260 2336 e
1544 2309 1588 2348 9.
1617 2309 1632 2335 1
1650 2307 1686 2336 3.
