1971 2672
718 156 880 176 ·-·-·-
914 143 1068 199 (238)
1102 158 1254 172 -··-·

190 262 390 314 rIOEmue,
426 259 630 301 interiore
668 260 856 314 margine
893 258 1082 299 crassiore
1119 259 1227 300 intra
1262 256 1370 299 labia
1405 256 1490 298 oris
1524 259 1792 313 prominulae

193 328 383 370 dentium
413 326 530 367 loco.

385 423 593 464 Interiora
627 420 837 470 animalis,
875 427 1052 473 propter
1088 418 1286 459 duritiem
1318 427 1361 459 et
1380 418 1794 472 conglutinationem

193 496 384 529 accurate
444 486 615 528 scrutari
671 486 782 526 haud
825 484 969 533 licuit3
1024 497 1130 539 quae
1176 496 1232 525 ex
1266 484 1459 537 analogia
1494 484 1673 526 diuinari
1709 486 1795 526 fere

192 561 444 609 potum-unt⁷
482 552 585 592 haec
621 550 743 590 sunt:

384 680 593 721 Posticam
631 679 857 719 cauitatem
894 677 1106 733 corporis,
1141 678 1273 719 totius
1310 677 1500 719 animalis
1537 675 1662 718 facile
1689 677 1798 718 vltra

192 746 437 797 dimidium,
473 743 712 798 occupabat
740 741 1008 797 parenchyma
1044 743 1209 797 hepatis
1247 744 1532 796 compactum,
1567 743 1748 783 luteum.

385 871 434 912 In
469 870 773 921 anterioribus,
794 883 816 911 a
850 870 1014 910 finistris
1051 869 1205 923 glomus
1240 870 1522 912 anfractuosus
1552 870 1797 924 compactus

189 935 385 986 iacebat,
421 937 494 990 qui
533 936 651 976 tenui
688 935 821 975 canali
858 935 907 975 ab
945 947 1020 975 ore
1057 944 1210 986 ortus,
1246 934 1488 989 subaequali
1525 935 1697 976 craffitie
1734 948 1801 975 ca-

192 1001 297 1042 nalis
334 1000 540 1054 pergebat
574 1000 616 1040 in
654 1012 784 1053 gyros
821 999 1232 1053 contortuplicatus,
1268 1008 1311 1039 et
1344 1000 1457 1040 intus
1494 999 1802 1053 parenchyma-

192 1065 307 1105 tosus
342 1065 584 1116 videbatur,
621 1063 800 1117 separari
836 1065 952 1104 enim
987 1063 1233 1104 membrana
1267 1063 1342 1104 vix
1376 1064 1530 1118 potuit.
1590 1063 1799 1105 Extrema

191 1142 287 1184 pars
325 1129 450 1169 huius
487 1128 697 1179 intestini,
735 1129 855 1181 quod.
890 1123 963 1176 5²².
1001 1128 1169 1168 circiter
1203 1140 1383 1181 aequare
1418 1128 1656 1179 videbatur,
1690 1129 1800 1169 inter

192 1194 318 1234 lactes
364 1192 702 1246 immergebatur
738 1201 780 1231 et
812 1191 957 1232 versus
994 1191 1209 1233 orificium
1245 1205 1447 1246 magnum
1484 1193 1621 1234 dextri
1657 1192 1799 1233 lateris

194 1251 301 1311 (fig-
343 1270 396 1295 22
420 1256 454 1296 *.
490 1256 542 1298 B.
582 1268 653 1295 22.
688 1254 769 1309 E.)
807 1255 1021 1296 tendebat.

389 1385 460 1424 Ad
498 1385 695 1424 dextrum
732 1384 864 1433 latus,
901 1383 1109 1434 anterius,
1146 1383 1278 1423 statim
1312 1394 1426 1436 pone
1463 1391 1603 1437 caput,
1641 1382 1798 1437 positus

144 1447 156 1459 ⁶
195 1458 283 1491 erat
324 1448 442 1489 fibris
490 1449 663 1489 adnatus
703 1446 906 1502 folliculus
939 1460 1133 1496 vacuus,
1184 1446 1301 1485 fibris
1338 1447 1517 1486 carnofis
1553 1447 1801 1499 praeditus,

195 1512 424 1554 introrsum
469 1511 622 1564 rugose
659 1511 859 1550 retractus
897 1509 1012 1549 mole
1050 1508 1168 1549 fabae
1191 1537 1204 1560 ‚
1255 1509 1298 1548 in
1336 1508 1455 1549 cuius
1494 1509 1626 1549 fundo
1663 1516 1803 1562 corpus

196 1577 434 1627 carnosum,
469 1575 593 1615 valde
631 1574 852 1625 fibrosum,
890 1574 1084 1614 conico-
1106 1572 1409 1623 acuminatum,
1443 1572 1581 1624 laeue,
1603 1573 1800 1614 folliculo

196 1642 395 1684 adnutum
447 1639 638 1691 latebat,
693 1639 808 1693 quod
854 1647 1034 1680 externo
1081 1637 1226 1692 amplo
1271 1636 1439 1678 orificio
1476 1636 1538 1691 (B
1560 1638 1630 1691 a.)
1667 1636 1801 1678 exseri

195 1707 310 1761 poffe
345 1703 581 1746 videbatur.

391 1833 510 1874 Pone
562 1832 677 1874 hunc
730 1830 975 1873 folliculum
1018 1837 1156 1886 corpus
1190 1830 1348 1883 infigne
1386 1828 1801 1883 lobato-pampini-

199 1899 371 1949 forme,
427 1896 1082 1951 parenchymatoso-lacteum,
1135 1895 1541 1949 conglomeratum,
1596 1894 1714 1948 quod
1757 1894 1801 1933 in

198 1964 370 2005 duc‘tum
406 1961 634 2002 collectum
670 1961 842 2002 exiliori
878 1961 1046 2002 orificio
1083 1959 1162 2013 (B.
1183 1958 1255 2013 b.)
1291 1969 1415 2000 extus
1442 1958 1543 2000 hiat.

392 2088 808 2144 Pone‘spiraculum
843 2088 877 2129 B
900 2103 938 2130 α.
975 2090 1027 2131 ad
1069 2087 1198 2142 ipsam
1244 2096 1386 2128 cutem
1422 2087 1601 2127 laterum
1637 2083 1803 2138 ampul-

198 2157 287 2198 lula
320 2156 436 2197 mole
476 2154 548 2211 pist
569 2184 582 2206 .,
617 2155 824 2197 miniacea
860 2155 1015 2208 massa,
1051 2152 1357 2195 subtiliffimum
1392 2164 1541 2193 arenae
1576 2151 1802 2206 puluerem

199 2221 252 2265 ad
289 2222 442 2263 tactum
478 2220 734 2274 aemulante,
771 2217 944 2274 repleta.

1688 2308 1802 2348 Inter
