1971 2672
858 190 1199 244 (1913-····

139 305 404 349 dextrorsum
451 303 686 346 anti-orsum
732 303 1055 352 descendendo,
1105 313 1240 355 vsque
1287 300 1327 340 in
1366 303 1472 344 bafin
1518 303 1615 346 coni
1651 303 1733 359 a),

138 372 244 413 adeo
279 380 325 411 vt
363 380 477 410 totus
516 382 674 421 conus,
711 367 1000 422 magnitudine
1038 365 1128 406 satis
1166 364 1395 420 spectabilis
1431 366 1497 417 b),
1520 382 1597 410 vna
1634 382 1733 410 cum

137 435 285 476 arteria
322 433 556 487 pulmonali
593 446 615 473 a
650 434 780 474 corde
816 432 1000 480 clerinti,
1035 441 1076 470 et
1111 431 1247 481 reeta,
1283 441 1369 470 non
1398 429 1571 484 oblique
1607 443 1654 473 vt
1688 433 1731 472 in

134 499 266 552 priori
305 499 461 549 corde,
514 496 746 538 antrorsum
782 497 924 537 versus
969 495 1131 548 apicem
1179 494 1333 535 reflecii
1378 494 1513 546 poslit.
1583 496 1628 536 In
1668 496 1730 536 di-

136 563 197 602 &a
244 562 459 615 superficie
502 562 599 602 coni
644 561 867 615 posteriori
913 561 1072 613 primae
1118 559 1272 608 fibrae,
1325 557 1544 598 sinisterius
1587 570 1608 598 a
1652 560 1731 601 basi

137 627 309 666 arteriae
347 636 487 676 ortae,
523 628 571 678 c)
609 638 714 678 quae
751 626 793 665 in
831 622 1049 676 superficie
1085 622 1288 667 anteriori
1325 620 1585 662 breuissimae
1623 622 1731 669 sunt,

137 690 354 742 longiores
400 691 628 730 decurrunt
663 688 744 740 d);
799 686 1065 727 dexteriores
1110 695 1284 737 contra,
1337 685 1646 739 longioresque
1691 687 1733 726 in

135 754 332 794 anteriori
370 753 467 794 coni
502 750 720 805 superficie
756 751 828 804 e),
865 749 1083 790 breuiores
1121 751 1163 790 in
1199 749 1420 803 posteriori
1457 749 1551 790 sunt
1575 747 1651 803 f);
1689 760 1734 789 vt

134 817 401 858 linisteriorcs
438 819 665 858 maximam
702 814 758 855 sui
804 825 968 868 partem
1003 815 1045 853 in
1081 814 1329 867 posteriori,
1386 813 1652 854 dexteriores
1689 814 1732 854 iu

135 882 334 923 anteriori
372 879 615 934 superficie,
670 879 864 919 habeant.
933 877 1103 918 Praeter
1145 891 1244 927 eas,
1301 890 1407 930 quae
1448 879 1490 917 in
1528 877 1731 917 anteriori

133 945 350 999 superficie
388 958 409 985 a
445 943 524 984 basi
561 943 734 984 arteriae
771 942 1028 996 pulmonalis
1065 942 1284 991 oriuntur,
1338 941 1442 981 aliae
1486 941 1639 991 etiam,
1686 941 1729 981 in

132 1009 210 1051 hac
247 1008 463 1063 superficie
487 1020 572 1047 non
601 1016 873 1061 apparentes,
910 1007 953 1046 in
989 1005 1210 1059 posteriori
1247 1018 1268 1045 a
1305 1003 1385 1044 basl
1421 1005 1593 1045 arteriae
1633 1004 1730 1058 pul·

132 1073 314 1114 monalis
351 1082 468 1113 ortae
503 1072 584 1124 g),
635 1071 677 1111 in
714 1071 790 1111 hac
836 1069 921 1111 sola
962 1070 1216 1120 decurrunt,
1269 1078 1312 1108 et
1346 1069 1387 1108 in
1423 1068 1559 1122 ipsum
1595 1069 1732 1121 parie-

132 1146 218 1177 tem
262 1136 538 1191 posteriorem
581 1133 637 1188 h)
690 1133 940 1175 inseruntur.
1022 1132 1111 1174 Vbi
1163 1133 1376 1173 eiusmodi
1428 1132 1730 1173 circumflexus

130 1201 284 1243 finister
327 1201 471 1253 datur,
523 1199 696 1239 dimidia
739 1211 834 1252 pars
880 1198 978 1238 coni
1022 1196 1173 1238 finistra
1223 1197 1383 1237 aetione
1421 1197 1511 1236 eius
1547 1206 1591 1236 et
1625 1209 1730 1236 con-

130 1264 343 1318 stringitur
386 1264 614 1304 latitudinis
658 1261 866 1315 respestu,
917 1271 960 1301 et
995 1261 1223 1301 secundum
1259 1261 1576 1314 longitudinem
1620 1273 1730 1314 quo-

133 1341 214 1380 que
249 1328 512 1367 contrahitur
564 1327 626 1366 his
679 1325 794 1364 fibris
841 1325 1054 1378 obliquis,
1096 1339 1117 1365 a
1154 1324 1233 1365 bati
1277 1325 1450 1365 arteriae
1502 1325 1730 1377 pulmona-

129 1391 178 1431 lis
215 1391 264 1431 ad
303 1390 411 1430 bafin
448 1389 544 1429 coni
583 1387 956 1440 descendentibus,
1011 1387 1218 1442 simulque
1255 1389 1364 1428 circa
1408 1400 1567 1428 conum
1602 1387 1730 1428 volu-

129 1455 208 1506 tis,
243 1464 284 1494 et
313 1454 412 1493 bafis
449 1453 621 1494 arteriae
658 1452 942 1506 pulmonalis,
978 1452 1212 1507 arteriaque
1249 1451 1359 1504 ipsa,
1394 1451 1515 1506 pulso
1539 1464 1593 1492 ex
1619 1452 1728 1492 dex-

130 1526 196 1557 tro
230 1517 469 1557 ventriculo
515 1516 699 1568 sanguini
745 1516 915 1556 obuiam
962 1518 1158 1556 retractae
1206 1516 1418 1556 ducuntur
1453 1515 1727 1568 eundemque

130 1581 354 1633 recipiunt.
426 1579 634 1633 Quamuis
671 1579 850 1619 omnino
891 1579 1094 1619 rariorem
1138 1580 1245 1620 hanc
1283 1579 1483 1620 fabricam
1520 1579 1598 1618 esse
1636 1591 1727 1619 cre-

131 1645 336 1694 diderim,
391 1656 469 1696 qua
505 1655 597 1696 pars
635 1642 831 1683 notabilis
868 1643 1092 1684 ventriculi
1140 1644 1303 1694 dextri,
1357 1642 1538 1696 separata
1574 1656 1595 1682 a
1631 1642 1726 1682 fini-

130 1708 235 1758 stro,
290 1706 406 1760 septo
451 1706 682 1757 incumbit,
733 1706 970 1761 finisterque
1014 1709 1169 1760 pariter
1211 1720 1361 1761 magna
1406 1716 1522 1760 parte
1560 1706 1668 1746 liber
1702 1719 1725 1747 a

130 1773 310 1820 dextro,
362 1770 520 1823 pariete
557 1772 707 1810 dextro
744 1772 923 1823 gaudet,
971 1772 1041 1825 qui
1080 1772 1242 1825 septum
1279 1771 1360 1821 est,
1396 1780 1466 1811 ant
1502 1770 1726 1810 continua-

130 1837 189 1876 tio
226 1834 351 1888 septi5
389 1843 526 1874 tamen
563 1835 669 1876 hanc
704 1834 1005 1890 perfectiorem
1042 1835 1284 1876 structuram
1320 1835 1400 1875 effe
1437 1834 1646 1885 arbitror,
1680 1842 1725 1874 et

1620 1910 1723 1937 nor·

174 2009 210 2053 a)
238 2005 324 2041 Tali.
355 2006 395 2040 V.
423 2016 462 2049 51.

175 2057 209 2100 b)
239 2055 327 2090 'l‘nb.
357 2054 413 2089 IV.
443 2055 474 2090 F.
502 2056 542 2091 G.
570 2056 606 2090 C.
632 2057 674 2092 D.

175 2117 189 2139 c
241 2105 328 2140 Τὼ.
357 2104 413 2139 lV.
442 2107 471 2138 C
507 2118 530 2139 s.

172 2157 210 2199 d)
240 2155 325 2189 'l'ab.
354 2155 392 2189 V.
419 2167 450 2189 x.
481 2166 528 2199 54.
555 2166 598 2199 52.
626 2165 671 2200 53.

172 2217 187 2240 e
240 2205 326 2238 'l'ab.
350 2204 405 2239 IV·
431 2217 456 2239 Ι.
483 2213 501 2238 Ῑ4
532 2207 568 2238 l).

164 2255 209 2299 s)
242 2255 328 2288 'l‘nln
358 2256 397 2289 V.
424 2266 472 2298 54.
498 2267 529 2290 z.
558 2266 600 2299 5¹·
627 2267 661 2292 z.

167 2314 210 2351 g)
240 2304 327 2339 Tali.
356 2304 396 2339 V.
421 2317 453 2338 x.
483 2317 514 2350 .y

171 2358 207 2402 li)
248 2354 325 2389 l.b.
356 2355 395 2389 V.
423 2367 444 2389 1.
471 2365 516 2400 53.

203 2110 211 2147 υ
