1971 2672
761 151 1098 205 —--(19‘J⁸3
1134 168 1284 196 ,εξ-ιε.

212 268 315 321 valiis
352 266 515 317 minim„
545 264 728 319 ‘infignes
766 276 1071 319 apparuerunt,
1109 268 1317 321 quaedam
1353 266 1481 320 paulo
1516 269 1635 313 aliter
1669 270 1825 326 etiamJ

223 345 351 387 quam
386 332 428 372 in
466 330 606 385 primo
643 330 797 379 corde⁷
850 328 1055 371 formatae
1102 331 1296 378 fuerunt3
1349 331 1515 384 semper
1558 345 1695 378 tamen
1732 351 1823 378 eas-

224 398 322 437 dem
358 396 578 449 portiones
617 393 846 442 distinetas,
883 402 1066 446 ortuque
1103 404 1144 433 et
1178 394 1262 434 fine
1299 402 1341 433 ct
1375 395 1447 435 vsu
1483 396 1661 452 ssmiles,
1701 413 1823 454 repe-

222 462 272 502 ri.
339 460 422 512 Et,
475 458 503 498 fi
540 458 744 511 quaedam
791 455 930 496 minus
975 457 1157 510 infignes
1201 458 1242 497 in
1289 457 1378 498 aliis
1426 460 1653 509 cordibus3
1705 472 1822 505 tanto

225 526 402 566 eaedem
444 523 486 563 in
533 522 622 562 aliis
667 520 972 561 eminentiores
1019 535 1193 575 quoque
1236 521 1432 575 {iugulari
1487 523 1554 564 sua
1605 524 1823 579 stnustura,

222 589 561 643 infigni01·esque
597 587 759 636 multo,
815 597 941 637 quam
976 585 1019 625 in
1057 587 1198 639 primo
1236 586 1392 637 corde⁸>
1435 598 1741 640 apparuerunt,
1776 590 1824 629 fi-

225 654 312 694 cuti
350 650 548 704 exempla
582 649 622 688 in
661 650 744 690 hoc
790 650 920 690 corde
966 650 1277 703 repraesentato
1314 649 1537 691 habemus.
1606 652 1670 693 Vt
1704 651 1825 693 facile

224 718 396 766 videm,
434 728 519 756 non
555 714 852 767 phaenomena
890 712 1087 764 fortuita,
1124 713 1192 754 sed
1212 727 1311 754 vera
1331 714 1513 756 instituta
1548 725 1736 768 naturae,
1754 717 1828 757 has

225 781 444 822 strquras
482 778 575 818 effe.
647 776 716 818 Sic
762 776 874 816 euim
922 791 1018 817 cum
1062 777 1333 818 varietatibus
1380 778 1497 831 hisce
1536 789 1830 834 comparatum

227 844 308 894 est,
359 851 406 882 vt
450 841 539 881 aliis
588 850 726 880 certae
772 840 998 893 fingulares
1043 841 1265 882 struem-ae
1318 843 1394 884 xix
1442 844 1830 899 recognoscantur,

226 907 319 949 aliis
356 905 462 945 mire
499 903 818 945 confirmentur.

552 1031 845 1086 Circumflexus
867 1033 1023 1088 sinister
1060 1042 1097 1075 et
1133 1046 1248 1075 conus
1283 1036 1507 1091 arterioshs.

422 1097 494 1138 Ad
540 1097 644 1137 haec
690 1098 923 1151 posteriora
966 1100 1164 1152 exempla
1199 1101 1386 1140 maxime
1429 1101 1710 1154 circumflexus
1730 1101 1832 1156 fini-

216 1162 304 1218 ster
338 1163 380 1202 iu
419 1162 502 1202 hoc
541 1163 671 1201 corde
708 1162 918 1216 pertinet,
971 1172 1012 1202 ct
1047 1176 1162 1203 conus
1197 1164 1431 1219 arzerioszcs,
1485 1166 1603 1205 cuius
1641 1165 1749 1207 latus
1784 1167 1835 1206 fi-

231 1228 403 1267 nistrum
440 1226 510 1267 ille
548 1226 692 1266 efficit.
761 1227 845 1267 Hic
885 1228 1053 1280 pauciS,
1090 1227 1164 1268 vix
1200 1228 1333 1268 tribus
1369 1230 1437 1269 vel
1476 1240 1681 1282 quatuor,
1716 1229 1834 1271 fibris

230 1291 477 1331 breuifiimis
512 1291 555 1329 in
591 1290 725 1343 priori
772 1291 900 1331 corde
947 1291 1105 1333 constat
1140 1293 1220 1345 a).
1289 1293 1444 1345 Neque
1490 1293 1650 1348 aliquid
1697 1293 1836 1347 fingu-

230 1356 316 1395 lare
353 1355 465 1394 hunc
503 1354 739 1394 musculum
778 1355 857 1393 effe
896 1355 1188 1404 credidissem,
1241 1356 1312 1394 nifi
1358 1357 1399 1394 in
1447 1357 1530 1396 alio
1575 1358 1657 1396 iam
1703 1358 1834 1397 corde

231 1418 533 1471 insigniorem,
569 1417 848 1470 pluribusque
878 1416 1135 1458 constantem
1172 1417 1315 1469 fibris,
1351 1418 1543 1471 inflexis,
1579 1429 1622 1459 et
1656 1421 1838 1473 profun-

234 1483 326 1522 dius
364 1482 405 1521 in
443 1494 613 1522 crenam
650 1481 838 1532 insertis,
875 1481 1092 1530 vidissem„
1130 1494 1217 1534 quo
1240 1481 1278 1520 se
1314 1482 1534 1523 manifesto
1570 1497 1590 1523 a
1627 1482 1839 1536 sequenti-

234 1546 312 1587 bus
348 1544 465 1584 fibris
513 1544 858 1598 pulmonalibus,
916 1557 1021 1598 quae
1058 1544 1206 1597 planae
1243 1546 1350 1585 redi-a
1386 1545 1427 1584 iu
1465 1555 1642 1599 pontem
1687 1546 1841 1588 transe-

235 1618 327 1660 unt,
363 1608 650 1663 distingueret.
722 1607 784 1648 Ea
819 1608 860 1647 in
891 1608 975 1648 hoc
1007 1608 1136 1648 corde
1174 1608 1298 1648 huius
1336 1609 1513 1649 musculi
1550 1610 1746 1651 struetura
1767 1610 1840 1662 est,

233 1682 280 1714 vt
314 1686 444 1713 nemo
481 1686 567 1713 non
604 1685 682 1727 pro
720 1671 923 1725 peculiari
960 1672 1152 1712 musculo
1182 1685 1281 1713 eum
1318 1673 1526 1714 habuerit.
1595 1674 1744 1715 Fibrae
1782 1675 1842 1716 sa-

235 1738 287 1778 tis
325 1738 471 1777 crassae
508 1735 611 1788 b)‚a
647 1746 763 1790 parte
803 1736 888 1776 fere
921 1737 1096 1777 dimidia
1133 1737 1233 1776 bafis
1271 1739 1446 1777 arteriae
1484 1738 1741 1791 pulmonalis
1770 1752 1842 1779 or-

236 1810 330 1852 tae,
368 1801 547 1853 oblique
585 1801 635 1841 ad
679 1801 916 1853 marginem
952 1801 1051 1841 coni
1088 1800 1289 1841 sinistrum
1338 1801 1551 1841 transeunt
1584 1804 1660 1855 c),
1712 1803 1843 1856 polli-

237 1877 331 1904 cem
370 1863 457 1904 fere
496 1865 617 1905 latae.
687 1865 733 1904 In
773 1865 931 1905 nullam
969 1865 1026 1904 ibi
1064 1877 1233 1904 crenam
1276 1865 1538 1916 inseruntur,
1592 1866 1658 1907 sed
1705 1867 1840 1907 flexae

238 1928 419 1968 omnino
465 1930 575 1968 circa
619 1930 853 1982 marginem
900 1930 1024 1969 huius
1062 1929 1158 1969 coni
1196 1929 1236 1968 in
1274 1928 1539 1982 superficiem
1577 1930 1667 1970 eius
1704 1931 1843 1984 poste-

240 1993 400 2034 riorem
437 1991 649 2033 transeunt
683 1994 755 2046 d),
776 1994 1111 2048 continuantque
1146 1993 1188 2033 in
1225 1994 1400 2046 eadem⁷
1435 1995 1643 2035 continuo
1664 1995 1842 2049 oblique

1645 2060 1844 2100 dextror-

289 2166 327 2213 α)
355 2165 445 2202 Tab.
472 2166 496 2203 I.
524 2180 557 2204 x.
583 2170 622 2205 C.
648 2168 692 2204 L.

286 2218 322 2262 b)
350 2217 439 2252 Tab.
466 2217 524 2253 IV.
552 2224 575 2253 r.
600 2232 625 2254 s.
652 2221 690 2253 C.

289 2268 327 2308 c)
355 2266 444 2301 Tab.
473 2268 532 2303 ιν.
560 2269 597 2302 C.
622 2270 665 2303 D.

289 2315 328 2361 d)
357 2314 447 2351 Tab.
472 2317 517 2353 V.
542 2329 578 2354 x.
602 2329 636 2354 z.
661 2329 688 2354 1.
