1971 2672
213 276 288 314 99·

216 788 317 816 102.

212 1045 312 1082 103.

207 1428 308 1468 104.

206 1812 306 1849 105.

692 141 1222 194 --·(213)-—-—··

343 257 433 300 Vbi
474 255 583 311 quafi
618 256 812 297 attractus
850 264 1012 309 partem
1050 253 1256 294 interstitii
1293 256 1459 306 apicum
1495 255 1758 298 ventriculo-

343 336 438 364 rum
487 321 820 376 prominentium
857 319 1030 374 replet,
1086 318 1281 360 tranfieus
1317 318 1359 358 in
1396 321 1654 374 superiorem
1692 321 1756 360 sn·-

349 387 585 442 perficiem.

313 483 322 493 .
362 452 622 492 Exti-emitas
656 449 931 499 vnciformis,
968 449 1035 490 seu
1072 461 1224 501 vncuS,
1259 445 1493 502 applicatus
1529 451 1579 490 ad
1615 459 1756 491 extre·

343 518 534 558 mitatem
572 515 859 570 procurrentis
895 514 1071 555 funiculi
1095 514 1255 565 breuis,
1274 512 1431 568 pariter
1455 513 1752 556 vnciformem.

309 613 318 622 .
357 581 616 622 Extremitas
655 579 930 629 vncif.›rmis.,
968 578 1036 619 seu
1073 591 1208 619 vncus
1248 574 1427 619 funiculi
1465 583 1751 631 procurrentis

341 646 507 697 breuis,
542 644 776 698 applicatus
810 643 967 697 pariter
1002 652 1150 684 contra
1184 654 1346 684 vncum
1382 642 1572 683 fasciculi
1609 645 1752 683 termi-

341 711 462 751 nalis.

355 774 563 816 Centrum
608 785 838 813 commune
879 770 1113 824 focorum,
1168 772 1284 826 quod
1323 771 1492 813 duobus
1531 773 1751 827 descriptis

336 839 472 889 vocis,
509 838 558 879 ad
596 837 633 878 sc
672 848 821 878 mutuo
858 837 1098 890 applicatis,
1136 838 1480 891 continuatisque
1517 838 1559 877 iu
1598 838 1636 878 se
1659 851 1753 878 mu-

337 913 436 954 tuo,
473 912 518 942 vt
553 903 762 943 circulum
795 901 955 942 inclusa
993 901 1166 942 foueola
1199 902 1386 942 rotunda
1420 901 1622 954 efficiant,
1660 902 1751 942 sor-

334 980 486 1008 ma‘ur.

353 1032 593 1073 Fasciculus
632 1030 862 1071 terminalis
901 1031 1092 1082 medius,
1138 1039 1256 1071 ortus
1294 1030 1336 1071 in
1374 1029 1563 1071 inferiori
1603 1030 1750 1084 super-

335 1097 428 1137 ficie
465 1109 520 1136 ex
554 1096 761 1137 vallecuia
797 1109 818 1136 a
854 1096 1039 1149 capi-<ato
1079 1095 1292 1149 principio
1328 1096 1370 1135 in
1402 1095 1484 1136 hoc
1508 1095 1637 1136 corde
1663 1094 1748 1136 fas-

335 1161 459 1201 ciculi
499 1161 729 1201 terminalis
766 1160 992 1200 ventriculi
1029 1160 1169 1200 dextri
1207 1159 1351 1211 (Tab.
1388 1159 1468 1202 Vl.
1507 1162 1609 1213 6.),
1645 1154 1748 1200 con-

336 1228 519 1267 tinuatus
566 1239 640 1280 pei·
686 1225 922 1278 marginem
968 1225 1286 1279 prominentem
1331 1225 1555 1265 ventriculi
1603 1224 1745 1264 sinistri

333 1290 477 1342 (Tab.
521 1290 594 1329 Vl.
634 1293 673 1328 6.
712 1292 810 1341 7.).,
846 1299 890 1329 et
918 1288 1094 1342 oblique
1131 1289 1265 1330 flexus
1303 1289 1344 1328 in
1383 1289 1644 1344 superiorem
1681 1289 1747 1329 su-

333 1353 549 1408 perficiem
589 1352 775 1404 (103.),
814 1353 881 1392 vbi
903 1353 943 1392 in
979 1353 1240 1406 superiorem
1264 1352 1514 1394 fasciculum
1539 1354 1744 1394 inseritur.

346 1416 587 1458 Fasciculus
634 1417 867 1458 terminalis
912 1415 1107 1468 inferior,
1136 1427 1254 1458 ortus
1292 1419 1333 1458 in
1372 1416 1563 1459 inferiori
1601 1417 1745 1473 super-

330 1480 424 1520 ficie
462 1481 660 1535 proxime
699 1481 820 1532 super
857 1482 1107 1521 vallecuiam
1145 1481 1288 1534 (Tab.
1328 1481 1407 1524 Vl.
1445 1484 1552 1535 4.)‚
1606 1484 1746 1524 conti-

332 1557 481 1584 nuatus
512 1544 738 1584 maximam
769 1555 930 1596 partem
963 1546 1002 1584 in
1035 1544 1227 1586 inferiori
1258 1546 1475 1601 superficie
1505 1546 1638 1599 (Tab.
1665 1547 1740 1588 VI.

333 1613 438 1657 5.)‚
493 1608 676 1661 denique
724 1608 859 1649 flexus
897 1609 937 1649 in
975 1609 1238 1663 superiorem
1276 1612 1456 1664 (104),
1510 1612 1661 1664 partim
1699 1611 1742 1651 in

329 1673 593 1713 terminaiem
631 1673 837 1725 medium,
873 1674 1026 1728 partim
1061 1675 1103 1714 in
1126 1675 1386 1729 superiorem
1416 1685 1510 1716 aute
1532 1677 1740 1729 medium,

330 1737 535 1777 inseritur.

352 1805 449 1841 1226.
504 1801 650 1842 Portio
704 1803 894 1858 superior
951 1804 1169 1847 dexterior
1223 1804 1365 1858 (Tab.
1403 1803 1482 1847 VI.
1521 1816 1594 1858 75.
1634 1804 1739 1858 76.)

331 1865 415 1906 soci
452 1866 661 1907 inferioris
699 1868 843 1920 (Tab.
883 1870 960 1911 Vl.
1002 1883 1073 1918 52.
1114 1882 1186 1919 53.
1226 1881 1297 1918 55.
1339 1873 1410 1914 68.
1450 1872 1522 1920 69.
1562 1883 1634 1922 7²-
1663 1882 1736 1921 75.

331 1932 457 1982 76.).
528 1931 742 1973 Nimirum
789 1933 904 1974 sede5
952 1935 1082 1975 centri
1124 1933 1320 1975 focorum
1358 1935 1600 1975 communis
1638 1947 1736 1973 cum

328 1994 491 2034 sedibus
529 1998 724 2051 vtrinque
760 1999 910 2038 vicinis·
950 2011 1117 2040 crenam
1155 2010 1195 2039 ct
1235 2000 1343 2040 basin
1379 1999 1521 2040 νει-1115
1559 1999 1734 2052 oblique

329 2060 367 2098 in
407 2059 664 2112 superiorem
702 2065 898 2104 retrac‘iae
936 2063 1027 2104 sunt
1064 2063 1349 2118 superficiem,
1387 2073 1431 2104 vt
1461 2073 1503 2103 et
1527 2062 1647 2103 focus
1672 2063 1735 2103 sn-

331 2125 487 2176 perior,
507 2136 548 2164 et
582 2138 773 2167 centrum
811 2141 1059 2180 commune,
1096 2139 1137 2169 et
1159 2129 1283 2169 liuius
1314 2129 1527 2169 connexio
1550 2140 1646 2167 cum
1669 2126 1735 2167 fo-

328 2201 380 2227 co
427 2199 633 2243 iitroque,
669 2192 708 2231 in
747 2193 870 2233 icone
907 2194 1205 2248 repraesentari
1245 2193 1378 2247 postis.
1449 2191 1731 2246 Eacdumquc

330 2251 444 2293 sede>
489 2253 610 2294 simili
653 2257 815 2299 ratione
859 2259 900 2299 in
947 2257 1192 2298 inferiorem
1231 2256 1497 2312 superficiem
1533 2259 1731 2298 ren-adine

920 2322 962 2364 Ι)
983 2324 1005 2363 d
1046 2336 1068 2372 3
1641 2323 1731 2362 sunt
