1971 2672
970 281 1050 322 m.
1073 330 1074 335 η

758 370 936 421 Nereis
978 369 1265 421 lamellifera.

705 471 801 513 Tab.
844 471 889 511 V.
919 472 999 526 fig.
1043 486 1113 512 11.
1151 473 1208 513 ad
1244 485 1314 524 17.

402 570 558 623 Corpus
609 569 652 610 in
699 569 804 610 mari
848 570 1096 622 germanico
1141 569 1193 610 ad
1237 567 1450 608 summum
1486 567 1715 621 bipedale,
1772 569 1813 610 in

208 637 359 679 Indico
397 635 624 689 specimine
661 633 877 688 bipedale,
913 634 1086 674 craffitie
1123 646 1286 687 pennae
1323 631 1596 685 gallinaceae,
1636 633 1815 673 annulo-

211 702 316 754 sum,
354 711 491 750 teres,
528 699 665 738 antice
702 710 877 752 parum,
913 696 1055 737 versus
1090 697 1324 751 posteriora
1359 696 1580 738 lentissime
1617 697 1818 739 adtenua—

213 776 321 818 tum,
356 774 542 816 vtroque
577 762 706 802 latere
744 760 1342 815 lamelloso-pedunculatum
1376 760 1479 815 (fig.
1521 761 1646 816 11.).

407 889 637 944 Segmenta
671 900 852 929 numero
886 888 1084 941 incerta,
1120 889 1172 928 in
1216 888 1467 929 nostratibus
1503 889 1613 930 inter
1652 900 1739 927 200
1776 897 1819 928 et

215 969 323 1008 300,
359 955 401 995 in
439 954 668 1008 specimine
705 953 880 994 exotico
917 953 1024 995 vltra
1060 951 1381 1006 550‚vniuersa
1414 966 1438 994 a
1472 953 1651 995 ventrali
1687 953 1817 994 latere

213 1021 361 1075 insigni
400 1018 549 1059 fossula
582 1018 791 1073 impressa.

408 1146 619 1188 Pedzmculi
654 1146 756 1199 (fig.
800 1144 903 1198 18.)
941 1146 1181 1201 compi-effi,
1217 1145 1360 1186 setulis
1389 1144 1681 1186 flauicantibus
1700 1156 1820 1198 prac-

217 1213 353 1269 pilati,
391 1211 535 1253 subtus
573 1212 679 1252 aud'ti
704 1209 845 1266 foliolo
882 1209 1040 1263 (a.b.)
1076 1210 1349 1262 semilunato,
1384 1210 1503 1263 apice
1538 1210 1692 1250 libero.
1749 1207 1822 1248 Ad

219 1277 390 1319 dorsum
424 1274 592 1328 singulo
627 1274 874 1329 pedunculo
910 1275 1057 1314 inlidet
1081 1273 1264 1329 foliolum
1301 1275 1414 1317 aliud
1449 1274 1602 1324 maius,
1621 1273 1822 1313 semicor-

220 1343 398 1391 datum,
434 1339 694 1380 subtilissime
729 1338 934 1378 venosum
957 1367 970 1389 ,
1006 1339 1125 1390 apice
1160 1339 1386 1377 reflexum.
1457 1337 1624 1376 Foliola
1659 1337 1823 1388 pedun-

222 1406 420 1446 culorum
458 1412 501 1442 et
536 1402 713 1442 dorsalia
750 1401 977 1441 confertim
1013 1400 1243 1440 retrorsum
1288 1400 1543 1451 imbricata,
1591 1399 1722 1439 latera
1757 1407 1825 1438 to-

221 1470 303 1509 tius
340 1466 530 1508 animalis
565 1467 685 1506 velut
718 1465 814 1505 laxe
851 1464 1070 1519 squamosa
1103 1464 1257 1503 sistunt.

417 1593 552 1647 Capul
588 1593 829 1634 insti-ilc'tum
865 1589 1010 1632 cirrhis
1045 1600 1229 1646 quatuor
1263 1590 1427 1645 parium
1449 1618 1463 1642 ,
1517 1601 1700 1644 quorum
1739 1588 1826 1628 duo
1859 1624 1862 1627 .

224 1674 247 1702 a
283 1657 426 1710 dorso,
463 1659 712 1710 remotiora,
748 1658 924 1707 maiora,
960 1669 1092 1697 vnum
1127 1656 1325 1709 vtrinque
1360 1654 1503 1695 versus
1538 1654 1663 1704 latus,
1699 1651 1824 1705 (Fig.

233 1738 302 1763 12.
345 1736 415 1771 13.
454 1737 508 1763 ex
545 1723 717 1773 indica,
776 1736 847 1772 14.
897 1731 966 1769 15.
1010 1722 1126 1761 aneia
1171 1719 1463 1772 magnitudine
1507 1730 1562 1758 ex
1597 1717 1825 1766 atlantica,

228 1788 264 1829 A
286 1787 321 1827 A
360 1787 537 1828 naturali
576 1786 692 1826 mole
728 1799 783 1826 ex
817 1785 1011 1834 eadem).
1077 1783 1262 1823 Palatum
1283 1783 1530 1837 prominens
1550 1781 1706 1835 papilla
1727 1793 1829 1832 qua-

230 1859 329 1891 tuor
364 1851 642 1891 mucronibus
681 1850 840 1890 carneis
878 1848 1033 1889 stellata
1070 1848 1176 1899 (fig.
1219 1859 1288 1897 14.
1332 1858 1400 1894 15.
1436 1859 1462 1886 α
1497 1847 1586 1897 (L),
1624 1844 1694 1885 sub
1732 1856 1828 1896 qua,

230 1915 469 1967 compresso
506 1915 574 1954 wel
611 1923 822 1954 macerato
858 1913 950 1967 post
985 1922 1170 1953 mortem
1206 1911 1394 1960 animali,
1431 1910 1697 1964 protruditur
1725 1906 1830 1960 oeso-

225 1978 387 2034 phagus
423 1978 529 2031 (fig.
572 1982 641 2016 16.
684 1991 753 2029 17.
788 1991 808 2017 c
842 1991 874 2018 c.
912 1978 1027 2018 auita
1059 1975 1093 2016 B
1115 1975 1165 2016 B.
1203 1975 1377 2016 natumli
1414 1972 1831 2028 magnitudinc)cx-

234 2044 415 2084 trorsnm
450 2042 686 2092 submersus,
723 2042 844 2082 lincis
868 2039 1247 2094 longitudinalibus
1267 2038 1496 2094 parallelis,
1523 2037 1701 2079 dentatis
1723 2036 1831 2076 duo-

234 2109 391 2161 decim,
427 2106 497 2147 seu
531 2106 716 2147 seriebus
752 2106 1007 2159 punCtorum
1043 2105 1261 2145 musicam.

428 2203 566 2258 Supra
615 2202 816 2257 papillam
867 2201 952 2241 oris
999 2200 1380 2254 quadrispinostun,
1411 2197 1556 2253 parma
1592 2198 1678 2238 duo
1716 2195 1832 2249 nigra

238 2267 420 2309 distinfia
457 2268 563 2321 (fig.
605 2266 821 2319 12.’16.)
864 2278 944 2319 pro
981 2266 1117 2306 oculis
1155 2265 1264 2306 sorte
1301 2264 1509 2306 habenda.
1714 2321 1834 2364 Color
