1971 2672
734 173 885 187 --
919 155 1072 214 (267)
1107 175 1258 201 ξ

670 378 1323 432 osssfflszTioNEs

208 477 1094 556 ASTRONOMICAE
1148 475 1774 556 PETROPOLI

966 595 1019 631 IN

287 684 565 731 SPECVLA
598 680 982 725 ACADEMICA
1016 677 1201 722 ANNO
1245 683 1365 735 1786
1401 680 1701 724 HABITAE.

893 830 1084 871 Auctore

573 925 789 969 PETRO
858 925 1374 969 INOCHODZOW.

541 1102 726 1142 Commii.
763 1100 895 1142 (urbib.
931 1101 970 1140 d.
1010 1115 1040 1150 4
1079 1099 1243 1141 OHobr.
1300 1114 1436 1155 1737.

185 1368 370 1484 Quas
410 1439 500 1495 post
536 1440 722 1481 reditum
759 1440 808 1481 ab
845 1440 1124 1494 expeditione
1153 1439 1474 1481 obseruationes
1496 1439 1798 1484 astronomicas

186 1505 326 1545 facere
364 1506 470 1545 mihi
507 1505 644 1555 licuit,
680 1518 747 1544 eas
785 1504 972 1545 breuiter
1007 1518 1227 1558 exponere
1266 1504 1476 1546 constitui.
1522 1504 1668 1547 Primo
1696 1508 1798 1548 loco

185 1569 374 1609 occurrit
410 1569 451 1608 in
490 1568 624 1608 diario
662 1581 761 1609 meo
798 1568 988 1609 transitus
1024 1569 1232 1610 Mercurii
1269 1583 1344 1624 per
1381 1569 1541 1611 discum
1578 1569 1691 1612 Solis
1730 1572 1797 1612 die

184 1632 213 1681 *ξ
230 1627 342 1684 2212*ss
381 1642 579 1687 tempore
617 1632 732 1673 ciuili
768 1631 1053 1686 obseruatus,
1107 1635 1260 1674 deinde
1297 1635 1528 1687 sequuntur
1565 1636 1796 1678 nonnullae

188 1698 479 1738 immcrfiones
517 1697 741 1738 satellitum
780 1696 917 1738 Iouis:
965 1698 1028 1738 his
1066 1699 1200 1740 adieci
1236 1699 1580 1742 obseruationem
1617 1700 1798 1756 Eclipfis

186 1762 301 1805 Solis
341 1763 408 1803 die
442 1767 474 1812 ἡ
509 1762 617 1803 Iunii
653 1763 749 1803 anni
786 1763 1009 1804 currentis.

382 1891 627 1932 Mercurius
663 1892 859 1933 omnium
897 1892 1126 1944 systematis
1164 1892 1288 1934 nostri
1310 1893 1573 1948 planetarum
1595 1895 1796 1936 minimus

186 1965 230 1995 et
267 1956 493 2008 proximus
531 1956 637 2008 Soli,
674 1958 713 1997 in
754 1959 873 1998 cuius
911 1958 1035 1998 radiis
1073 1960 1276 1999 continue
1307 1959 1393 2000 fere
1417 1960 1664 2001 delitescens
1688 1971 1797 1998 non-

189 2019 260 2060 nili
307 2033 401 2060 raro
449 2020 520 2061 sub
567 2021 802 2063 diluculum
841 2032 911 2063 aut
947 2023 1240 2077 crepusculum
1279 2035 1323 2064 et
1358 2025 1610 2079 plerumque
1647 2024 1687 2063 in
1726 2037 1798 2064 va-

189 2084 366 2139 poribus
406 2085 642 2127 horizontis
680 2087 1030 2141 conspiciendum
1069 2088 1107 2128 se
1144 2088 1344 2142 praebet⁷
1380 2091 1490 2131 vnde
1528 2090 1673 2128 tritum
1711 2087 1795 2129 ser-

190 2162 319 2189 mone
377 2151 653 2204 prouerbium
710 2151 814 2193 felix
876 2152 1162 2194 Astronomus
1219 2155 1289 2207 qui
1353 2153 1619 2195 Mercurium
1675 2153 1795 2194 vidit.

190 2214 398 2268 Magnum
438 2215 527 2256 sane
567 2218 770 2271 temporis
809 2218 1080 2259 interuallum
1118 2218 1446 2271 praeterlapsnm
1470 2249 1484 2269 a
1536 2219 1673 2259 donec
1712 2219 1797 2273 pri-

189 2292 308 2319 mum
353 2293 432 2335 pro
475 2280 640 2335 plancta
676 2283 975 2337 agnosceretur
997 2313 1009 2333 ‚
1064 2293 1105 2322 et
1141 2283 1262 2337 plura
1297 2283 1435 2326 secula
1469 2284 1796 2340 requirebantur

963 2347 1032 2389 Ll
1073 2360 1095 2385 2
1743 2347 1794 2389 ad
