1971 2672
957 165 1109 219 (216)

428 278 539 319 bafin
584 275 682 318 coni
728 278 776 318 ad
827 278 1074 319 columnam
1113 278 1415 331 triangularem
1454 281 1624 333 transit⁷
1677 291 1721 321 et
1757 281 1848 335 spe-

425 343 596 384 luncam
640 341 720 382 vna
765 356 864 383 cum
910 356 1023 384 cono
1075 343 1117 381 in
1154 343 1231 382 situ
1270 344 1447 384 naturali
1483 355 1524 384 et
1560 359 1657 385 cum
1695 348 1843 387 maiori

425 409 626 463 portione
664 405 775 447 funis
816 407 964 448 efficit.
1021 406 1166 459 (Tab.
1205 406 1285 447 IV.
1325 410 1456 460 67.).
1529 407 1681 450 Oritur
1716 425 1738 452 a
1774 426 1847 452 60-

424 473 569 513 lumna
607 471 865 524 triangu'ari,
907 472 1197 525 vltimumque
1233 471 1365 512 efficit
1401 472 1562 514 funem.

295 564 337 592 v.
375 546 604 592 Orificium
641 563 720 604 pro
757 551 899 604 primo
935 564 1056 592 ramo
1094 550 1268 591 arteriae
1306 553 1556 593 coronariae
1593 551 1770 593 sinistrae
1803 554 1843 593 in

422 617 499 657 hac
536 616 737 670 portione
775 615 886 656 funis
925 615 1069 668 (Tab.
1107 614 1188 656 lV.
1229 616 1357 669 68.).

292 707 346 735 w.
383 693 494 734 Bafis
533 693 631 734 coni
668 692 854 733 artcriofi
889 692 931 732 in
968 692 1098 733 latere
1136 691 1294 734 sinistro
1331 693 1476 747 (Tab.
1515 694 1596 736 IV.
1640 694 1748 749 w..)

292 785 336 812 x.
371 784 409 811 z.
451 781 489 818 5.
533 783 602 822 17.
657 768 806 810 Conus
844 769 1067 810 arteriosus
1104 770 1289 811 reflexus
1312 800 1326 824 ‚
1379 782 1494 813 totus
1531 772 1642 813 liber
1676 773 1719 812 in
1758 772 1843 814 hoc

420 834 567 884 corde,
604 843 647 872 et
681 833 893 886 separatus
931 848 953 875 a
988 833 1122 887 septo.

288 925 333 952 x.
369 910 501 965 Apex
537 911 636 951 coni
671 912 714 950 in
751 910 881 952 latere
919 911 1091 951 finistro.

289 1002 329 1030 z.
367 987 479 1029 Basis
526 987 567 1027 in
614 987 803 1041 eodem,
850 1001 935 1042 qua
980 989 1173 1043 portioni
1209 990 1367 1031 minori
1406 990 1517 1032 funis
1554 993 1756 1047 applicati
1793 993 1842 1034 ad

418 1052 575 1093 haeret.

288 1145 332 1172 x.
368 1144 407 1172 z.
443 1132 572 1171 Latus
611 1131 708 1172 coni
746 1131 894 1173 reflexi
930 1133 1134 1174 sinistrum
1157 1163 1169 1185 ‚
1216 1132 1399 1186 liberum
1437 1135 1486 1176 ad
1525 1135 1635 1176 basin
1673 1135 1743 1176 seu
1779 1136 1843 1176 in·-

415 1195 647 1237 sertionem
682 1196 812 1238 fibrae
850 1198 1152 1239 circumflexae
1191 1198 1290 1252 (z.)
1328 1213 1476 1253 vsque.

286 1288 333 1315 x.
368 1288 408 1316 z.
449 1286 522 1324 51.
562 1286 636 1324 53.
680 1289 717 1315 1.
742 1290 790 1328 y.
828 1276 976 1318 Fibrae
1015 1278 1315 1319 circumflexae
1353 1278 1529 1320 sinistrae
1552 1279 1593 1319 in
1617 1278 1839 1332 posteriori

416 1341 515 1379 coni
553 1339 788 1393 superficie.

287 1430 332 1458 x.
368 1431 407 1459 z.
449 1427 522 1465 51.
563 1428 636 1466 52.
677 1429 750 1467 53.
805 1418 954 1460 Fibrae
993 1418 1292 1460 circumflexae
1330 1419 1540 1473 sinistrae,
1579 1434 1684 1474 quae
1723 1434 1743 1461 a
1779 1420 1838 1461 la—

415 1489 503 1521 tere
549 1482 749 1523 anteriori
796 1482 897 1523 bafis
944 1485 1118 1524 arteriae
1163 1484 1424 1536 pulmonalis
1462 1486 1641 1536 eiusque
1679 1486 1837 1537 angulo

415 1545 575 1586 finistro
624 1547 821 1587 oriuntur
873 1545 1018 1598 (Tab.
1058 1547 1139 1588 IV.
1175 1559 1208 1586 s.
1245 1556 1274 1587 t.
1315 1546 1365 1588 C.
1404 1546 1527 1602 n),
1581 1549 1690 1588 circa
1731 1549 1835 1588 latus

352 1663 356 1667 Ι
414 1610 619 1650 finistfflm
657 1613 753 1653 coni
791 1612 832 1651 in
871 1612 954 1652 hoc
993 1612 1123 1652 corde
1162 1612 1385 1652 flefiuntur
1421 1612 1496 1665 (x.
1533 1626 1571 1652 z.
1611 1612 1723 1653 Tab.
1755 1612 1834 1654 IV.

416 1673 468 1715 C.
508 1674 596 1727 D.)
633 1676 674 1716 in
712 1676 978 1730 superficiem
1016 1676 1104 1716 eius
1143 1677 1439 1730 posteriorem,
1476 1678 1516 1716 in
1546 1690 1680 1730 eaque
1702 1690 1834 1730 porro

415 1739 593 1793 oblique
649 1741 944 1788 descendunt3
1000 1754 1098 1782 cum
1150 1742 1201 1781 ad
1255 1741 1388 1794 ipsum
1444 1742 1542 1781 coni
1598 1744 1834 1795 marginem

415 1803 490 1855 (x.
527 1805 597 1858 z.)
644 1806 686 1845 in
722 1806 815 1848 aliis
854 1805 1056 1848 cordibus
1094 1805 1171 1846 hae
1208 1805 1337 1847 fibrae
1374 1806 1606 1858 finiantur,
1657 1807 1832 1848 in1e1·tae

412 1868 456 1908 in
494 1882 679 1910 crenam.

281 1961 327 1988 x.
368 1957 440 1996 53.
494 1946 618 1987 Fibra
663 1961 717 1989 ex
766 1948 856 2002 ipso
894 1949 1051 2003 angulo
1089 1947 1191 1988 basis
1230 1950 1404 1989 arteriae
1442 1949 1701 2004 pulmonalis
1738 1949 1833 1989 sini-

412 2010 493 2051 stro
531 2021 639 2063 orta,
676 2013 716 2052 in
754 2013 828 2053 situ
867 2014 1043 2055 naturali
1082 2014 1154 2053 vix
1191 2027 1413 2067 apparens,
1449 2015 1635 2066 ideoque
1674 2015 1712 2053 in
1744 2016 1834 2053 ico-

412 2089 465 2116 ne
504 2090 588 2116 non
627 2078 815 2131 expressa
852 2078 997 2130 (Tab.
1035 2077 1115 2118 IV.
1153 2079 1201 2118 ad
1241 2078 1345 2131 Q).
1420 2079 1541 2134 Quae
1564 2080 1603 2118 in
1625 2079 1714 2119 aliis
1736 2092 1832 2118 cor-

414 2141 539 2182 dibus
576 2142 711 2195 prima
748 2143 1021 2183 circumflexa
1059 2142 1225 2195 finistm,
1272 2144 1555 2198 omniumque
1593 2144 1829 2184 breuiffima

412 2205 484 2256 cst⁷
522 2215 564 2246 et
599 2207 641 2246 in
679 2206 914 2260 supremam
954 2216 1117 2261 partem
1156 2222 1323 2260 crenae,
1360 2208 1538 2261 eiusque
1560 2208 1693 2262 ipsum
1715 2209 1830 2261 prin-

413 2270 574 2327 cipium
618 2271 828 2319 inseritur.
917 2271 1038 2328 Quae
1085 2285 1188 2330 ergo
1230 2274 1272 2314 in
1318 2273 1420 2316 hoc.
1449 2274 1579 2317 corde
1614 2274 1743 2327 longa
1779 2272 1828 2311 ad

1686 2338 1827 2391 snper-
