1971 2672
733 172 884 197 —-—-··-—..
918 156 1072 211 (229)
1107 173 1259 197 =

460 279 1004 355 MARINA
1100 279 1529 354 VARIA

579 396 803 446 NOVA
869 395 967 446 ET
1033 393 1396 447 RARIORA;

895 592 1106 646 descripsit

732 672 779 713 P.
830 673 879 715 S.
936 673 970 714 P
987 674 1024 715 A
1045 672 1078 713 L
1096 671 1130 713 L
1145 672 1182 714 A
1202 670 1252 713 S,

558 872 744 914 Conuent.
782 872 918 914 exhib.
955 873 995 912 d.
1036 884 1077 920 5.
1114 872 1236 925 April
1275 883 1411 924 1787.

191 1042 396 1154 Nlulta
431 1078 476 1109 ct
507 1070 620 1109 varia
656 1066 896 1122 Zoologica
930 1068 972 1107 in
994 1067 1257 1109 Aduersariis
1295 1069 1499 1120 inuenio,
1538 1082 1642 1123 quae
1679 1078 1789 1110 tem-

341 1133 458 1186 poris
495 1144 536 1172 ct
571 1133 647 1173 otii
682 1134 856 1187 penuria
893 1131 1051 1185 publici
1098 1133 1199 1173 iuris
1247 1132 1385 1173 fheere
1431 1134 1502 1172 diu
1546 1134 1785 1187 prohibuit.

187 1195 305 1235 Haec
352 1209 525 1249 quoquc
570 1210 679 1237 nunc
726 1196 946 1237 succeffiue
989 1193 1119 1236 Nouis
1162 1197 1275 1237 Aais
1317 1196 1560 1237 Academiae
1605 1198 1787 1239 inserere

186 1259 349 1299 animus
386 1260 464 1310 est,
499 1271 543 1300 et
578 1260 762 1301 breuiter
799 1261 1000 1314 quidem,
1046 1270 1180 1313 prout
1215 1271 1383 1315 tempus
1419 1262 1655 1315 permittit,
1692 1261 1789 1303 abs-

189 1335 268 1375 quc
305 1325 562 1362 commentis
599 1323 845 1363 describam.
913 1323 996 1362 Hic
1032 1324 1217 1376 primum
1254 1325 1465 1365 Nereides
1501 1326 1661 1376 varias,
1697 1336 1788 1366 tan-

185 1397 309 1437 quam
354 1387 582 1427 audhrium
617 1387 667 1427 ad
704 1387 923 1427 illustratas
960 1388 1177 1440 quondam
1213 1388 1256 1427 in
1292 1387 1555 1441 Miscellaneis
1592 1388 1790 1442 Zoologi-

182 1450 237 1488 cis
273 1448 451 1502 (Hagae
495 1462 591 1489 com.
638 1452 771 1501 1766.
807 1451 953 1502 editis>
1004 1450 1296 1504 Aphroditas,
1332 1452 1430 1492 dein
1467 1453 1580 1493 varia
1627 1454 1786 1494 marina

183 1523 236 1549 cx
273 1524 435 1552 occano
480 1513 675 1552 orientali
721 1513 842 1553 allata
877 1522 919 1552 et
953 1512 1161 1556 Asteriam
1205 1515 1459 1570 fingularem
1502 1517 1628 1558 maris
1671 1530 1787 1558 amc-

183 1574 309 1614 nemi
345 1588 603 1629 proponam.

960 1706 995 1746 Ι.

711 1772 888 1824 Nereis
930 1773 1252 1839 aphrodito'iS.

709 1873 804 1914 Tab.
843 1874 889 1914 V.
915 1876 995 1929 fig.
1037 1890 1076 1916 ι.
1111 1878 1169 1917 ad
1201 1893 1243 1929 7.

374 1947 527 2002 Corpus
567 1948 961 2005 subsesquipcdnle,
1014 1954 1188 1994 craffitie
1232 1954 1341 1995 infra
1388 1942 1614 1994 minimum
1671 1954 1781 2008 digi-

179 2021 294 2061 tum,
347 2013 482 2053 anticc
526 2015 724 2066 teretius,
779 2017 1031 2057 retrorsum·
1060 2017 1174 2058 lente
1223 2020 1497 2060 adtenuarum
1542 2018 1591 2058 ad
1630 2020 1779 2059 calami

177 2076 328 2127 cygnci
369 2076 555 2130 molem,
590 2079 865 2132 annulosum,
902 2091 1036 2133 teres,
1081 2084 1258 2123 ventrali
1295 2083 1423 2123 latere
1460 2082 1560 2134 (fig.
1604 2082 1669 2134 ι.)
1706 2083 1782 2123 dc·

174 2138 516 2194 pmffiusculum,
551 2145 745 2186 convalle
781 2145 1108 2200 longitudinali⁷
1145 2146 1444 2188 obsoletiffima
1478 2155 1712 2187 exaratum.

972 2273 1004 2316 F
1025 2273 1051 2315 f
1076 2287 1100 2325 3
1582 2271 1784 2329 Segmen-
