1971 2672
737 178 891 191 —
923 161 1046 217 (ει)

373 279 410 334 §.
449 290 522 329 35.
577 278 754 320 Interim
791 287 903 319 tame
919 290 962 330 n,
982 274 1291 330 experientiam
1327 273 1611 326 consulentes,
1639 287 1792 330 negare

179 358 267 389 non
302 346 537 400 possumus,
576 346 676 399 quin
714 356 914 398 corpora,
959 341 1081 395 super
1107 340 1237 395 plano
1274 337 1484 379 tantillum
1513 340 1656 393 aspero
1690 354 1793 395 pro-

178 411 316 463 ducta,
339 410 449 465 quasi
484 423 538 451 co
575 409 665 464 ipso
702 416 934 449 momento
971 419 1147 447 omnem
1183 413 1352 445 motum
1387 401 1581 456 perdant,
1611 418 1696 457 quo
1726 405 1790 447 vis

178 475 349 516 trahens
386 475 636 527 ceffimerit,
687 474 804 528 quod
841 481 961 513 certe
998 471 1118 512 nullo
1165 469 1300 510 modo
1345 466 1516 508 euenire
1552 469 1715 521 posset,
1759 468 1789 512 fi

177 540 354 596 planum
407 539 593 593 perfecie
629 539 729 580 esset
778 537 1005 593 politum,
1056 544 1103 576 vt
1148 534 1290 574 omnis
1344 530 1480 572 frictio
1535 532 1789 575 excludere-

179 615 263 654 tur,
302 603 459 658 quippe
498 617 584 658 quo
621 603 711 645 casu
750 614 905 655 corpus
943 601 1050 640 adeo
1087 606 1210 638 motu
1263 596 1393 637 semel
1447 595 1650 650 acquisito
1695 610 1788 649 pcr-

176 679 310 724 petuo
348 668 618 709 vnisormiter
667 666 767 706 esset
801 664 1143 718 progressurum5
1181 674 1240 703 ex
1277 674 1364 715 quo
1400 660 1535 701 statim
1583 660 1788 715 intelligi-

178 744 280 783 tur,
333 733 665 786 phaenomenon
717 729 892 772 allatum
934 728 1045 770 nulli
1080 727 1273 783 canisae,
1321 735 1490 783 praeter
1542 723 1787 768 fridionem

177 796 355 840 adscribi
388 796 518 853 pofl‘c.

370 940 406 996 §.
429 943 502 991 36.
572 939 729 994 Neque
765 952 870 980 vero
907 938 1034 979 etiam
1071 937 1155 979 hoc
1192 937 1326 979 modo
1363 935 1563 978 omuibus
1602 933 1787 976 difficul-

177 1005 333 1047 tatibus
369 1006 535 1047 occurri
572 1005 723 1060 potest,
744 1006 845 1045 dum
875 1016 931 1044 ex
959 1012 1103 1044 motus
1139 1002 1359 1056 principiis
1397 1012 1561 1042 certum
1596 1001 1668 1054 est,
1690 1000 1785 1041 nul-

176 1070 268 1111 lum
302 1070 425 1125 plane
463 1080 630 1111 motum
666 1084 688 1111 a
724 1069 934 1118 frictione,
963 1067 1235 1121 quantumuis
1275 1065 1402 1107 fuerit
1438 1079 1604 1119 magua,
1626 1065 1782 1117 subito,

176 1146 302 1188 atque
322 1149 375 1176 eo
396 1135 484 1189 ipso
507 1139 746 1185 momento,
768 1146 855 1187 quo
881 1132 944 1172 vis
982 1131 1150 1172 trahens
1188 1133 1326 1183 cessat,
1363 1129 1513 1171 destrui
1550 1131 1681 1184 posse,
1713 1129 1782 1170 sed

176 1201 228 1240 ad
265 1200 347 1240 hoc
386 1199 547 1253 semper
583 1199 758 1253 aliquod
811 1208 979 1251 tempus
1033 1196 1220 1249 requiri,
1259 1196 1530 1250 quantumuis
1575 1195 1617 1235 id
1656 1192 1782 1234 fucrit

177 1264 406 1317 exiguum;
445 1266 499 1305 ita
535 1274 580 1304 vt
615 1274 727 1304 certe
764 1262 968 1303 affirmare
1006 1260 1233 1302 debeamus
1258 1290 1269 1312 ,
1306 1260 1472 1301 nullum
1517 1259 1639 1313 plane
1685 1272 1781 1299 mo-

177 1337 267 1367 tum
305 1327 497 1368 frictione
534 1327 671 1368 subito
707 1328 756 1368 ad
795 1327 985 1380 quietem
1021 1325 1156 1380 redigi
1193 1326 1391 1379 poffe‚ac
1428 1325 1455 1365 fi
1493 1325 1573 1365 tale
1611 1335 1779 1378 tempus

174 1391 316 1432 sentiri
351 1400 552 1447 nequeat,
588 1393 632 1434 id
665 1393 723 1434 ita
759 1391 838 1433 effe
875 1390 1101 1446 exiguum,
1137 1400 1184 1431 vt
1219 1389 1432 1432 obseruari
1467 1402 1554 1431 non
1590 1389 1729 1444 poliit.

370 1545 406 1598 ξ.
446 1560 519 1598 37.
582 1547 684 1602 Quo
720 1550 848 1602 igitur
884 1550 1027 1591 omnia
1064 1548 1214 1600 dubia,
1256 1561 1362 1603 quac
1399 1546 1441 1589 in
1479 1547 1563 1590 hoc
1600 1545 1777 1601 negotio
1797 1553 1884 1588 Tab.
1909 1553 1933 1587 1.

178 1606 217 1648 se
252 1609 457 1662 produnt,
493 1610 643 1651 clarius
681 1612 908 1665 diluamus,
939 1615 1253 1654 confideremus
1291 1626 1466 1666 corpus,
1503 1613 1619 1667 quod
1657 1611 1778 1664 super
1809 1606 1876 1653 Fig-
1907 1614 1934 1645 ⁵·

176 1672 305 1726 plano
342 1673 600 1716 horizontali
635 1678 846 1729 acceperit
882 1677 1143 1719 celeritatem
1177 1691 1255 1729 ze,
1277 1691 1322 1718 ac
1359 1678 1578 1718 videamus
1617 1686 1778 1730 quanto

177 1746 372 1791 tempore
408 1750 517 1792 opus
553 1739 626 1791 sit,
677 1750 724 1780 vt
756 1740 827 1781 iste
864 1752 1008 1783 motus
1046 1757 1067 1784 a
1104 1742 1296 1783 friciione
1348 1742 1517 1797 penitus
1554 1740 1778 1795 extingua-

178 1809 259 1841 tur.
329 1801 472 1843 Fuerit
523 1804 652 1858 igitur
685 1804 791 1847 istud
836 1818 990 1860 corpus
1027 1819 1081 1848 eo
1118 1816 1362 1858 momento,
1399 1820 1486 1860 quo
1521 1806 1585 1848 vis
1623 1805 1780 1847 sollici·

179 1874 269 1905 tans
306 1866 489 1920 cessauit,
522 1869 565 1909 in
600 1868 660 1922 A,
694 1871 805 1912 vnde
843 1871 1056 1912 celeritate
1093 1870 1160 1913 sua
1195 1884 1216 1911 c
1250 1870 1427 1912 vlterius
1462 1870 1665 1927 progredi
1703 1884 1778 1912 co-

178 1938 316 1969 netur.
394 1930 639 1975 Pcrucncrit
687 1935 816 1989 igitur
867 1936 958 1990 post
994 1946 1162 1991 tempus
1200 1947 1297 1977 :t
1345 1949 1480 1990 vsque
1514 1937 1557 1978 iu
1587 1944 1635 1991 p,
1673 1949 1776 1977 cou-

179 1991 288 2034 sesso
327 1993 456 2047 spatio
490 1996 721 2052 APzzs,
757 2000 889 2054 fitque
927 2001 1048 2042 mallii
1085 2002 1278 2056 corporis
1316 2015 1377 2040 Ξ
1399 2001 1468 2055 M,
1504 2013 1547 2043 ct
1581 2003 1642 2043 vis
1676 2000 1775 2041 fric-

178 2057 306 2098 tiouis
344 2072 404 2098 :-
427 2059 483 2112 F,
535 2064 723 2106 celeritas
777 2075 918 2106 autem
962 2067 1005 2106 in
1042 2065 1072 2106 P
1109 2078 1290 2107 vocetur
1327 2080 1461 2119 zv,
1497 2067 1661 2120 critque
1699 2063 1772 2108 ἂν

176 2155 238 2161 -
260 2122 511 2187 -Ἔ-’ῗῦῃ
545 2128 654 2169 vnde
690 2130 906 2185 colligitur
940 2144 969 2172 v
991 2145 1050 2170 :z
1072 2127 1309 2196 (Ῑ-ἰὲἧῗ-ὀ
1356 2132 1447 2174 fiat
1481 2144 1592 2172 nunc
1628 2143 1770 2172 ‘²²20

176 2211 222 2240 ac
258 2201 491 2254 reperietur
527 2211 710 2257 tempus,
746 2220 832 2260 quo
868 2208 951 2248 hoc
988 2210 1158 2250 euenire
1187 2208 1341 2262 potest,
1376 2217 1471 2247 t:
1497 2206 1572 2282 ἃς,
1596 2238 1609 2261 ‚
1654 2209 1771 2263 quod

172 2274 217 2316 in
253 2277 427 2317 minutis
463 2277 654 2321 secundis
691 2283 964 2338 exprimetur,
1001 2286 1028 2326 ss
1063 2300 1092 2340 g
1128 2286 1253 2328 fucrit
1287 2285 1495 2341 altitudo,
1529 2298 1606 2342 per
1641 2297 1769 2338 quam

965 2349 1001 2393 C
1039 2363 1062 2401 3
1626 2350 1769 2405 grauia
