1971 2672
746 180 899 200 --—
933 166 1088 224 (100)
1123 188 1273 214 ———.-=

404 275 440 332 §-
478 290 520 332 7.
589 274 794 321 Ceterum
829 281 966 322 notari
1001 291 1213 334 meretur,
1251 282 1449 324 breuiore
1484 283 1622 326 adhuc
1658 282 1724 326 via
1761 285 1812 326 ad

210 338 390 393 scopum
432 343 656 398 peruenire
700 347 840 398 poffe,
893 347 965 399 qui
1008 346 1215 388 summam
1260 348 1590 389 exae'titudinem
1624 362 1710 390 non
1746 363 1813 390 re·

212 405 356 457 quirit.
426 407 490 449 Ea
525 421 679 462 nempe
719 411 917 465 quadrata
946 420 1082 452 cartae
1105 412 1206 452 oleo
1232 411 1420 453 imbutae
1455 412 1674 466 inscripta,
1704 427 1810 467 quae

207 471 363 524 partim
396 472 505 514 intra
538 473 690 527 partim
720 484 838 516 extra
873 488 1050 530 mappae
1078 476 1238 516 limites
1268 476 1422 517 cadunt
1451 485 1522 518 aut
1549 477 1689 518 denuo
1720 478 1812 518 sunt

209 533 465 589 diuidenda,
520 548 591 579 aut
634 539 919 581 aestimatione
955 541 1255 593 iudicandum,
1308 549 1462 595 quanta
1497 541 1680 582 cuiusuis
1716 556 1810 595 pars

207 599 316 641 intra
352 614 529 656 mappae
560 604 717 644 limites
739 606 879 646 cadat:
917 615 1044 660 atque
1079 606 1165 647 hoc
1205 606 1378 659 quidem
1414 606 1639 659 negotium
1672 606 1810 647 solum

207 663 288 716 est,
343 667 460 721 quod
506 668 752 710 difficultate
797 683 884 710 non
921 679 1047 711 caret.
1118 668 1415 724 Quamobrem
1451 682 1673 711 numerare
1710 683 1811 711 con-

205 730 325 769 venit
360 732 505 773 omnia
542 734 765 786 quadrata,
822 743 1038 789 quotquot
1072 747 1270 789 mappam
1315 744 1491 789 tegunt,
1544 748 1591 776 ac
1627 733 1810 776 summae

205 792 408 845 illorum,
447 809 632 848 quorum
667 811 761 853 pars
799 799 1002 840 duntaxat
1034 800 1142 840 intra
1178 812 1355 852 mappae
1390 800 1547 839 limites
1578 799 1714 850 cadit,
1749 798 1813 839 su·

205 870 324 897 mere
370 859 612 901 dimidium.
682 861 927 903 Tentamen
973 863 1060 904 hoc
1107 863 1188 904 feci
1223 863 1268 902 in
1303 877 1456 918 mappa
1491 863 1645 905 Nouae
1683 861 1813 903 Zem-

203 920 283 962 lae.
353 921 490 964 Erant
523 938 678 980 nempe
718 937 842 978 2054
873 915 1105 981 Quadrata,
1157 939 1262 981 quae
1306 937 1418 980 tota,
1473 937 1514 969 at
1549 937 1668 980 481,
1705 940 1812 983 quae

204 987 371 1028 nonnifi
414 989 569 1043 partim
612 992 721 1033 intra
765 1004 943 1046 mappae
987 993 1145 1033 limites
1192 990 1412 1033 cadebant.
1499 992 1672 1033 Horum
1716 1005 1811 1046 pars

205 1050 382 1093 dimidia
425 1053 481 1094 est
516 1066 772 1108 :240,5.
859 1055 940 1097 Per
983 1056 1312 1098 subdiuifionem
1356 1065 1498 1098 autem
1541 1066 1584 1097 et
1627 1056 1812 1098 aestima-

204 1116 369 1157 tionem
406 1117 514 1159 hanc
551 1120 757 1161 summam
793 1120 912 1176 supra
946 1122 1196 1163 inueneram
1232 1134 1293 1161 z
1318 1131 1425 1173 258,
1449 1134 1490 1170 3.
1559 1120 1812 1163 Differentia

203 1187 267 1220 Ξ
293 1192 409 1235 Ι7,8
457 1197 533 1237 per
581 1188 664 1234 13}
708 1185 837 1227 diuisa
883 1195 926 1226 et
968 1199 1046 1240 per
1092 1198 1144 1235 25
1186 1186 1465 1240 multiplicata
1509 1185 1579 1226 dat
1621 1199 1813 1227 errorem

202 1258 266 1285 z
288 1258 342 1296 33
383 1248 552 1290 milliar.
591 1255 658 1297 [ἶ.
730 1249 817 1305 Qui
853 1264 973 1291 error
1007 1250 1101 1291 satis
1129 1251 1253 1291 ‘leuis
1299 1249 1468 1305 prorsus
1515 1249 1680 1291 fortasse
1717 1250 1811 1291 tolli

202 1312 364 1365 posset,
416 1312 444 1353 fi
480 1315 772 1367 redtangulum
818 1327 995 1368 mappae
1032 1315 1192 1367 saepius
1230 1315 1399 1353 diuerfis
1437 1315 1578 1353 modis
1615 1315 1812 1368 impone-

202 1384 345 1430 retur,
383 1389 524 1432 exque
562 1378 762 1419 omuibus
797 1378 916 1420 hisce
952 1377 1125 1418 summis
1161 1378 1353 1418 medium
1388 1376 1636 1417 sumeretur.

399 1505 435 1560 ᾗ·
477 1517 516 1552 8.
585 1508 657 1549 Ad
693 1508 941 1550 euitandum
976 1507 1195 1559 laborem,
1233 1519 1362 1562 quem
1399 1518 1517 1546 areae
1554 1503 1810 1546 mensuratio

204 1570 410 1624 requirit,
447 1573 642 1614 nonnulli
680 1586 879 1628 mappam
915 1586 937 1613 e
974 1582 1109 1622 carta,
1145 1572 1187 1611 in
1226 1584 1307 1624 qua
1342 1579 1430 1611 erat
1466 1570 1697 1621 delineata,
1734 1581 1810 1609 ex-

205 1634 377 1677 cindere
415 1637 575 1690 solent,
620 1637 798 1692 eiusque
844 1639 1036 1694 pondere
1073 1648 1156 1691 ope
1193 1635 1325 1676 librae
1362 1635 1454 1676 satis
1492 1643 1707 1675 accuratae
1743 1647 1809 1674 re·

204 1709 356 1754 perto,
392 1711 435 1743 et
465 1715 562 1743 cum
600 1703 790 1757 pondere
827 1712 988 1755 cartae,
1025 1701 1143 1743 cuius
1180 1713 1271 1740 area
1307 1700 1363 1740 est
1400 1699 1595 1752 cognita,
1633 1710 1808 1751 compa·

204 1774 323 1817 rato,
368 1780 508 1807 aream
554 1768 851 1808 determinare.
921 1767 1041 1808 Haec
1085 1764 1316 1818 methodus
1361 1763 1403 1803 in
1441 1763 1606 1817 mappis
1642 1761 1808 1816 vulgari

204 1830 341 1870 modo
361 1831 602 1873 constructis
640 1846 727 1873 non
762 1833 845 1872 fine
881 1831 1031 1885 insigni
1067 1823 1256 1881 errrore,
1278 1829 1332 1880 lin
1370 1826 1506 1867 nostra
1541 1827 1808 1868 commodis-

204 1893 307 1934 fime
343 1895 502 1950 poterit
545 1896 760 1948 adhiberi,
811 1897 1005 1951 inprimis
1041 1895 1069 1935 fi
1106 1903 1216 1935 carta
1251 1893 1430 1946 eligatur
1464 1891 1594 1932 laeuis
1632 1904 1677 1932 ac
1713 1891 1807 1931 vui-

209 1959 387 2014 formis,
432 1973 565 2014 eaque
603 1961 768 2016 liquore
805 1961 874 2001 seu
912 1962 989 2002 alia
1025 1959 1197 2000 materia
1235 1958 1507 2011 homogenea
1543 1956 1807 2007 obducatur,

209 2035 296 2077 quo
324 2025 478 2084 partim
503 2025 786 2079 vniformior,
820 2027 973 2082 partim
1009 2023 1203 2081 specifice
1238 2022 1409 2077 grauior
1442 2021 1643 2065 reddatur
1679 2029 1802 2062 carta.

700 2204 1313 2214 ——....————-—-———-

1667 2329 1806 2372 PHY·
