1971 2672
710 180 861 194 --
897 163 1052 219 (193)

155 280 315 336 perior
348 278 433 332 α),
469 278 573 320 ficut
604 278 646 318 in
683 279 813 320 corde
849 280 992 334 primo
1026 277 1081 333 b)
1104 308 1117 331 ,
1154 279 1315 320 duabus
1352 279 1429 320 suis
1466 283 1771 336 portionibus,

159 344 359 399 longiori
396 343 446 396 c)
482 353 524 384 et
560 342 839 397 bremond),
876 344 1047 385 constat.
1117 343 1193 385 Illa
1230 357 1250 385 a
1287 342 1366 383 bafi
1403 348 1573 388 arteriae
1598 349 1772 401 pulnzo-

152 410 300 459 malis,
351 408 470 449 velut
505 408 545 448 in
581 408 721 462 primo
759 409 888 450 corde
913 438 925 459 ,
960 410 1002 449 iu
1040 407 1262 462 posteriori
1300 408 1396 448 coni
1435 408 1648 461 superficie
1685 413 1771 453 ori-

163 483 248 524 tur,
287 473 557 526 flestiturque
594 473 703 514 circa
739 474 975 527 nmrgiuem
1014 472 1260 524 basilarcm,
1297 482 1339 512 et
1372 472 1516 527 prodit
1552 475 1590 514 iu
1629 475 1772 530 super-

163 537 307 578 ficiem
358 537 633 590 superiorem.
706 537 822 578 Haec
857 551 958 578 vero
997 538 1167 578 breuior
1202 537 1345 591 portio
1383 537 1493 578 haud
1531 547 1633 587 tota,
1669 541 1771 581 ficut

162 602 205 641 in
244 602 322 642 illo
359 601 506 650 corde,
543 601 590 641 ad
630 602 838 642 :lotricum
874 603 1086 642 minorem
1122 601 1161 641 se
1198 601 1410 655 applicat,
1447 600 1515 642 sed
1551 615 1644 654 pars·
1681 605 1769 644 cius

160 666 211 718 e)
235 695 247 716 .,
310 665 500 720 τιόίιιιιέῑιι
536 665 726 718 portioni
761 666 947 718 longae,
1003 677 1099 705 cum
1139 677 1186 705 ea
1221 666 1262 704 iu
1303 665 1562 718 superiorein
1599 665 1772 719 superfi—

162 729 275 770 ciem
314 728 469 770 tranfir.
539 727 709 768 Deinde
745 727 962 782 singularis
998 729 1143 783 portio
1180 729 1431 770 muscularis
1467 729 1509 770 in
1533 729 1617 770 hoc
1640 733 1770 771 corde

163 793 213 834 ad
263 792 527 848 superficiem
572 791 852 845 posteriorem
898 794 996 834 coni
1033 793 1218 834 arterioss
1256 794 1377 834 datur
1401 791 1466 848 f)
1507 807 1612 848 quae
1650 795 1774 835 dubi-

162 871 263 908 um,
300 867 442 897 Vtrum
479 855 529 896 ad
565 856 859 908 pulmouaiem
895 857 1199 911 posteriorem,
1235 871 1285 898 an
1321 859 1499 912 potius,
1535 859 1595 898 vti
1631 859 1774 899 verifi-

161 922 262 962 mile
300 921 381 972 est,
426 920 475 960 ad
513 920 722 960 aon-ticum
761 922 973 961 minorem
1011 922 1056 961 fit
1090 921 1326 962 referenda.
1398 921 1516 962 Haec
1553 936 1632 963 vna
1669 936 1768 963 cum

161 985 376 1040 prioribus
435 983 706 1037 portionibus
758 985 801 1025 in
855 984 1120 1038 superficiem
1175 985 1434 1038 superiorem
1481 987 1769 1040 progreditur.

165 1050 263 1090 Huc
310 1049 539 1102 produc'hie
584 1048 721 1088 variae
769 1048 846 1090 hae
883 1050 1104 1102 portiones
1140 1050 1224 1103 g),
1275 1062 1360 1090 non
1400 1050 1555 1090 sursum
1593 1051 1768 1105 oblique

160 1115 388 1154 redeuutes·
441 1112 489 1152 ad
535 1111 805 1164 pulmouales
846 1114 1077 1154 anteriores
1114 1114 1237 1154 fibras
1274 1114 1314 1154 se
1351 1114 1598 1167 applicant,
1650 1116 1770 1156 velut

160 1178 203 1217 in
243 1177 374 1216 corde
413 1175 553 1228 primo
589 1174 643 1227 h)
695 1175 763 1217 sed
800 1177 1000 1218 videntur
1034 1179 1178 1232 potius
1216 1179 1464 1219 continuare
1499 1180 1540 1231 i)
1586 1180 1625 1219 iu
1664 1193 1765 1227 eas,

162 1254 264 1294 quaa
303 1240 540 1280 interiestas
578 1240 663 1279 dixi
700 1241 778 1293 k).
847 1241 1016 1282 Tamen
1056 1243 1196 1295 aliqua
1234 1243 1410 1283 alicuius
1441 1243 1764 1297 interruptionis·

158 1304 330 1358 vestigia
369 1305 410 1343 in
448 1315 495 1342 ea
532 1303 643 1354 sede,
679 1305 751 1344 vbi
787 1306 830 1344 iu
865 1306 1008 1358 primo
1046 1308 1176 1348 corde
1197 1307 1459 1347 circumflexi
1490 1307 1694 1348 finiuntur
1721 1308 1765 1360 l)

1640 1385 1767 1426 apra-

255 1579 275 1602 η
350 1566 435 1600 Tab.
466 1567 504 1599 V.
532 1577 559 1598 2.
589 1577 611 1599 1.
641 1577 686 1607 53.
713 1578 753 1611 5¹·
783 1570 815 1603 6.
842 1581 870 1612 7.
902 1578 932 1612 8.

256 1633 297 1671 h)
350 1628 434 1663 Tab.
464 1630 500 1662 11.
531 1639 579 1663 ιο.
609 1640 640 1671 9.
670 1639 715 1671 ι4.

253 1694 292 1733 c)
346 1691 429 1723 Tab.
458 1692 495 1725 V.
526 1702 548 1725 ι.
576 1702 604 1725 2.
632 1702 662 1733 4.
690 1702 714 1735 5.
769 1692 853 1727 Tab.
882 1696 916 1728 ΙΙ,
947 1706 984 1729 ιι.
1017 1707 1046 1740 9.
1075 1706 1122 1738 ι4.

255 1755 298 1795 A)
350 1753 434 1788 Tab.
463 1755 501 1788 V.
527 1764 552 1787 ι.
580 1755 610 1787 6.
640 1765 669 1796 7.
698 1760 728 1794 8.
780 1755 866 1792 Tab.
893 1758 932 1791 11.
961 1768 1010 1792 ιο.

258 1823 294 1855 c)
347 1815 432 1850 Tab.
460 1817 497 1850 V.
527 1821 558 1854 8.

247 1877 299 1922 f)
350 1876 434 1911 Tab.
462 1878 499 1910 V.
527 1887 556 1919 9.
584 1887 631 1910 ιο.
665 1887 708 1912 ιι.

253 1953 301 1986 g,
353 1939 436 1973 Tab.
466 1940 515 1972 lV.
545 1939 576 1973 F.
606 1952 638 1983 y,

252 2003 270 2035 h
349 2001 434 2035 Tab.
463 2002 484 2035 Ι.
519 2012 546 2042 4.
574 2012 599 2043 5.

256 2077 263 2094 ι
348 2063 432 2095 'l‘;=b.
462 2063 512 2094 iv.
544 2073 570 2094 2.

255 2126 295 2157 ks
349 2123 434 2156 Τὼ.
464 2123 514 2156 lv.
542 2133 569 2154 2.
596 2132 620 2165 5.
647 2133 666 2163 4
705 2134 730 2165 5.
784 2122 866 2155 Tab.
895 2122 918 2156 I.
946 2132 977 2163 7.

257 2186 293 2217 Ι·.
349 2185 434 2218 Τὼ.
463 2186 484 2218 1.
513 2194 541 2225 4,
570 2193 596 2225 5.

220 2297 339 2340 Noua
360 2300 462 2340 Ac7c1
483 2298 611 2339 Acad.
634 2298 733 2350 Imp.
753 2297 822 2339 Sc.
842 2297 883 2338 7.
907 2295 964 2337 11.
1260 2293 1295 2334 B
1331 2291 1357 2332 b
