1971 2672
699 153 850 177 Ξ
886 137 1040 194 (230)
1075 155 1226 168 ---

353 252 570 307 chmcnm
611 261 713 303 143.
765 251 834 291 vel
876 251 1015 299 utrm
1070 253 1214 305 priora
1257 260 1299 292 et
1343 251 1571 306 posteriora
1616 255 1762 297 sensim

157 320 366 373 longiora.
456 317 734 371 Segmentum
780 315 991 367 fingulum
1033 316 1231 369 vtrinque
1267 316 1510 357 instruc'tum
1546 320 1762 370 pedzmculo

159 383 258 436 (fig.
284 383 350 436 6.)
388 381 591 433 carnoso7
628 379 868 432 composito
905 392 927 418 e
958 378 1116 432 papilla
1154 394 1175 420 a
1209 380 1389 420 ventrali
1425 380 1555 421 latere
1593 384 1764 435 adnata,

155 448 387 502 producta,
438 444 585 486 obtusa
621 454 664 484 et
700 442 918 482 mammilla
963 444 1108 484 medio
1154 443 1375 483 exserente
1413 444 1640 497 penicillum
1676 449 1767 487 exi-

156 525 315 566 guum,
369 523 392 551 e
427 511 524 563 pilis
561 507 742 563 gryleis,
792 506 1071 558 retraffllem,
1125 517 1166 547 et
1202 507 1410 548 exsertam
1434 508 1566 561 setam
1602 510 1766 563 nigram

156 577 353 630 rigidam.
424 572 592 614 Clrrhus
627 572 747 625 supra
782 570 992 624 fingulum
1028 570 1321 625 pedunculum
1357 572 1534 623 crass‘us,
1586 573 1628 613 in
1666 574 1768 615 0101·-

158 641 248 681 sum
281 638 540 694 prostratus,
579 637 631 678 ad
668 637 788 677 cuius
825 635 936 676 basin
973 635 1160 689 superius
1198 635 1405 677 enascitur
1442 635 1658 678 branchia.

351 766 638 809 Eram-hinem
667 765 764 805 ofto
800 764 1015 818 prioribus
1045 763 1272 817 segmentis
1302 764 1469 816 nu11ae‚
1506 763 1640 804 tribus
1666 776 1769 817 pro-

159 833 286 876 ximis
325 831 535 884 simplices
574 827 898 879 cirrhiformes.,
951 827 1226 881 sequentibus
1263 828 1410 870 sensim
1446 829 1629 868 maiores
1668 827 1767 880 (fig.

162 898 226 950 7.)
279 909 366 936 vno
410 893 531 934 versu
576 893 796 947 pinnatae,
849 890 1035 946 pinnulis
1090 891 1343 943 linearibus,
1381 892 1611 946 dorsoque
1653 891 1769 931 varie

160 961 358 1003 acclines.
431 958 652 1013 Quantum
698 956 776 996 hae
820 955 1047 997 branchiae
1082 954 1223 996 versus
1268 955 1500 1010 posteriora
1544 955 1769 1007 crescunt,

162 1025 413 1068 tantundem
450 1022 578 1063 cirrhi
615 1018 877 1062 decrescunt.

357 1151 490 1207 Caput
526 1151 716 1192 animalis
755 1149 853 1203 (fig.
879 1161 918 1188 2.
942 1161 983 1198 3.
1008 1164 1050 1200 4.
1077 1148 1139 1202 ς.)
1175 1149 1307 1191 refert
1343 1149 1612 1204 praeputium
1648 1155 1769 1198 trun-

164 1229 332 1270 catum,
383 1216 573 1269 margine
609 1215 939 1264 subcrenatum7
993 1213 1073 1253 bafi
1110 1215 1266 1254 annulo
1305 1212 1569 1255 transuersali
1606 1219 1772 1251 tantum

164 1299 185 1326 a
223 1283 373 1333 dorso,
425 1279 656 1333 cirrhisque
694 1279 802 1318 binis
839 1277 998 1327 crustis,
1042 1278 1311 1329 distantibus,
1356 1277 1498 1318 subtus
1535 1270 1639 1316 vero
1676 1287 1770 1314 cre-

167 1363 219 1389 na
254 1347 456 1399 marginis
494 1355 535 1384 et
568 1342 748 1384 incisura
782 1340 1085 1394 longitudinali
1121 1350 1329 1380 notatum.

362 1471 422 1512 Os
457 1473 564 1512 intra
599 1470 895 1525 praeputium,
937 1467 1095 1508 laminis
1131 1481 1152 1507 a
1186 1465 1366 1507 ventrali
1402 1460 1531 1512 latere
1569 1463 1667 1516 (fig.
1708 1463 1772 1514 3.)

167 1540 277 1580 binis
323 1538 365 1577 in
403 1535 697 1590 oesophagum
742 1531 1151 1586 longitudinalibus.‚
1206 1529 1342 1570 antice
1389 1527 1602 1580 triangulo
1648 1526 1774 1579 nigro

168 1606 210 1646 in
247 1602 470 1657 praeputio
507 1598 848 1655 prominentibus
885 1595 1142 1636 instructum.
1217 1592 1402 1633 Palmum
1445 1592 1693 1644 elongatum
1729 1590 1772 1628 in

170 1668 337 1709 massam
375 1678 594 1716 carneam,
629 1663 853 1718 praeputio
891 1660 1010 1714 supra
1045 1661 1256 1709 adnabam,
1292 1657 1470 1709 eiusque
1507 1667 1660 1695 cauum
1695 1665 1774 1693 ex·

170 1734 361 1788 plentem
415 1729 512 1782 (fig.
554 1742 593 1767 2.
633 1741 673 1777 3.
711 1741 750 1767 [ι.
788 1727 858 1779 α.)
881 1754 894 1777 .,
949 1723 1165 1775 bilobam,
1201 1722 1376 1774 superne
1418 1721 1525 1759 intra
1560 1715 1773 1772 praeputii

172 1796 408 1850 marginem
442 1793 680 1834 instructam
716 1789 859 1832 cirrhis
895 1790 1093 1830 maximis
1132 1787 1271 1840 quinis
1307 1785 1376 1825 vel
1413 1783 1533 1824 senis.

368 1920 490 1962 Color
517 1921 714 1961 animalis
751 1920 792 1959 in
829 1919 997 1973 liquore
1034 1916 1181 1959 seruati
1216 1912 1632 1968 gryseo-cinereus,
1685 1908 1777 1963 epi-

174 1987 366 2031 dermide
402 1984 653 2026 iridescente
689 1983 988 2025 obnebuiatus.

369 2113 513 2157 Habui
559 2111 787 2167 specimina
830 2123 884 2150 ex
929 2109 1108 2151 Oceano
1143 2107 1319 2160 Indico,
1374 2103 1613 2156 Ceylonam
1659 2099 1780 2141 adlu-

176 2190 301 2232 ente,
337 2189 379 2220 et
414 2179 584 2219 forsitan
620 2178 661 2217 in
699 2175 817 2217 omni
855 2174 1066 2215 calidioris
1104 2175 1249 2228 plagae
1286 2171 1392 2213 mari
1430 2170 1563 2210 datur.
1621 2165 1777 2219 Figura

176 2259 199 2286 a
233 2244 409 2286 naturali
445 2242 738 2297 magnitudine
773 2239 998 2280 imminuta
1032 2237 1102 2279 est.
