1971 2672
737 161 887 174 ..-
920 146 1077 204 (132)
1113 165 1264 178 ...-

200 268 291 308 bras
329 278 415 306 non
451 263 585 305 modo
619 262 852 317 inquirere5
873 277 1109 321 earumque
1145 275 1293 308 notare
1329 275 1372 308 et
1405 267 1568 311 tradere
1590 271 1804 314 vdifferen-

199 333 293 382 tias,
330 329 398 371 sed
435 328 630 370 iconibus
669 341 842 384 quoque
879 329 994 382 illas,
1030 332 1180 372 eadem
1218 331 1438 386 diligentia
1473 342 1516 373 et
1548 332 1631 376 fide
1668 337 1803 390 factis,

197 395 536 450 repraesentare,
592 407 673 448 qua
715 394 901 448 primum
947 395 1099 436 harum
1142 395 1347 438 fibrarum
1382 398 1601 451 exemplar
1634 402 1800 442 tradidi.

198 462 298 503 Hoc
336 474 390 501 eo
426 460 560 514 magis
606 457 847 500 consultum
891 461 997 501 mihi
1041 460 1179 502 visum
1214 462 1271 502 est
1308 463 1360 503 de
1396 475 1476 514 eo,
1531 464 1649 516 quod
1692 478 1804 507 nunc

200 527 347 578 trado,
399 528 556 576 corde,
609 537 708 564 cum
742 526 785 565 in
821 526 979 565 eodem
1015 536 1212 567 externas
1249 541 1337 568 non
1372 527 1532 579 mon
1569 540 1671 581 quas
1708 528 1807 569 hac-

200 601 322 633 tenus
358 603 413 631 ex
447 603 533 630 vno
571 590 700 629 corde
737 589 943 641 exhibui,
990 589 1060 632 sed
1096 591 1258 632 medias
1297 605 1472 645 quoque
1509 604 1688 644 omnes,
1740 604 1808 633 ea-

200 668 381 710 rumque
412 656 453 695 in
476 654 633 694 sinistro
668 654 911 698 ventriculo
930 655 1043 696 varia
1077 655 1220 708 strata,
1255 667 1298 697 et
1332 655 1437 711 septi
1473 656 1625 709 fibras,
1661 670 1683 698 a
1717 669 1809 697 me-

202 721 280 763 diis
336 721 630 770 continuatas,
681 718 998 772 inquifiuerim‚
1051 720 1094 760 in
1139 721 1434 776 tredecimque
1477 721 1674 762 iconibus
1729 735 1809 762 no-

201 785 405 832 tauerim5
445 783 561 837 quod
598 783 689 823 fieri
727 784 907 824 omnino
945 793 1144 838 oportet,
1178 794 1250 838 vt,
1287 799 1368 840 qua
1403 786 1567 826 ratione
1604 784 1641 825 se
1678 784 1808 827 fibrae

200 851 243 890 in
280 849 404 889 variis
442 848 572 887 stratis
611 860 711 900 erga
745 848 784 887 se
820 857 973 888 mutuo
1003 848 1217 901 habeant,
1263 851 1497 892 accuratius
1533 850 1808 904 intelligatur.

201 915 250 954 In
287 913 371 953 hoc
408 924 513 965 ergo
552 911 762 965 imprimis
800 924 919 952 nouo
956 913 1113 963 corde,
1168 926 1373 966 quaenam
1411 928 1467 955 ex
1501 915 1700 955 hactenus
1737 915 1814 955 de-

201 978 366 1032 scriptis
404 977 580 1017 eaedem
634 976 902 1030 reperiantur
944 976 1174 1030 singulares
1211 988 1282 1018 aut
1317 979 1527 1020 notabiles
1563 979 1813 1031 striic‘turae,

203 1053 245 1084 et
283 1054 390 1095 quae
436 1053 542 1094 ergo
587 1053 712 1082 verae
757 1040 835 1081 fint
869 1050 913 1081 et
947 1040 1182 1089 naturales;
1239 1056 1344 1096 quae
1389 1053 1538 1084 contra
1582 1053 1653 1084 aut
1687 1043 1812 1096 plane

202 1121 289 1149 non
335 1107 632 1158 inueniantur,
684 1114 756 1147 aut
791 1104 875 1147 alio
911 1119 958 1147 ac
997 1105 1164 1147 diuerso
1209 1109 1343 1149 modo
1387 1109 1558 1159 structa,
1612 1107 1812 1148 iudicabo

202 1174 416 1228 primum,
469 1178 511 1210 et
547 1169 793 1222 conferam,
849 1182 955 1222 quae
992 1172 1035 1212 in
1071 1171 1161 1212 aliis
1197 1172 1382 1213 viderim
1426 1171 1651 1220 cordibus3
1707 1184 1814 1226 quae

204 1250 316 1278 noua
351 1248 456 1276 vero
493 1234 758 1284 immnerim,
794 1233 874 1272 suis
910 1234 1019 1277 locis
1048 1237 1215 1278 addam.
1285 1235 1456 1279 Deinde
1491 1238 1615 1279 fibras
1650 1236 1813 1278 medias

204 1302 247 1343 in
283 1298 556 1355 sequentibus
595 1297 951 1340 dissertationibus
987 1312 1219 1354 exponam.

208 1441 350 1483 Partes
384 1449 419 1481 et
454 1440 632 1493 regiones
669 1438 799 1479 cordis
833 1439 926 1479 nudi
957 1437 1140 1493 pluribus
1175 1437 1508 1492 obseruationibus
1545 1439 1811 1490 confirmatae:

339 1517 453 1546 conus
490 1501 725 1558 arteriosus‚
764 1501 1072 1558 infundibulum⁷
1107 1502 1276 1555 angulus
1311 1502 1441 1543 cordis
1475 1503 1616 1543 dexter
1651 1511 1688 1543 ec

836 1575 940 1622 pars
983 1566 1182 1623 bastlaris.

399 1664 544 1705 Partes
582 1672 624 1704 et
658 1664 858 1717 regiones
893 1665 1035 1705 cordis
1072 1663 1173 1704 nudi
1210 1664 1434 1718 propriae,
1469 1670 1513 1704 et
1547 1662 1731 1703 diuersae
1767 1662 1817 1704 ab

215 1733 294 1781 iis,
333 1742 438 1782 quae
474 1730 515 1769 in
553 1730 683 1769 corde
729 1729 1030 1782 obseruantur‚
1081 1728 1327 1769 membrana
1362 1738 1404 1768 et
1438 1729 1559 1781 adipe
1604 1726 1819 1776 obducio,

214 1808 347 1837 conus
405 1794 564 1834 scilicet
621 1793 844 1834 astet-iosus
900 1793 990 1846 a),
1042 1791 1363 1833 infundibulum
1407 1790 1634 1833 ventriculi
1680 1790 1818 1831 dextri

213 1859 295 1910 b),
341 1859 519 1911 angulus
565 1858 706 1898 cordis
762 1859 839 1912 c),
890 1872 984 1912 pars
1030 1857 1211 1898 bafilaris
1266 1856 1493 1897 ventriculi
1547 1855 1685 1896 dextri
1738 1855 1821 1908 d),

216 1923 400 1978 singulae
448 1922 558 1971 ficut
593 1924 634 1962 iu
680 1924 821 1976 primo
866 1924 1023 1975 corde,
1074 1923 1192 1963 cuius
1239 1920 1567 1975 descriptionem
1619 1920 1820 1961 hac'tenus

219 1988 397 2040 tradidi,
433 1996 624 2042 repertae
662 1987 767 2027 sunt.
837 1986 984 2029 Couus
1020 1987 1232 2043 imprimis
1270 1987 1492 2028 arteriosus
1514 1985 1649 2039 figura
1667 1994 1708 2024 et
1736 1997 1822 2024 ma-

1731 2048 1824 2102 gni-

273 2198 313 2240 α)
356 2194 430 2230 lab.
456 2193 471 2228 Ι
511 2194 536 2236 J.
565 2206 610 2237 14.
639 2195 669 2229 C
714 2195 748 2228 L.
799 2192 888 2228 Tab.
920 2194 982 2229 lV.
1009 2192 1050 2228 F.
1079 2194 1118 2229 G.
1146 2196 1182 2228 C.
1212 2193 1259 2230 D.

278 2247 309 2288 b)
339 2246 427 2280 Tab.
456 2243 485 2279 1.
512 2245 552 2281 G.
581 2245 624 2280 H.
656 2243 679 2278 l.
706 2246 745 2280 C.
797 2243 881 2278 Tab.
907 2240 969 2279 IV.
1000 2242 1041 2278 F.
1069 2245 1104 2279 L.
1134 2245 1176 2281 C.
1202 2246 1255 2281 M.

277 2298 304 2338 ι)
332 2296 418 2329 Tab.
446 2297 469 2328 1.
497 2296 535 2330 G.
564 2297 614 2329 Μ.
644 2305 691 2339 25.
742 2294 827 2329 Tab.
857 2294 911 2328 1V.
940 2320 947 2328 .
975 2295 1009 2327 L.
1038 2295 1078 2327 N.
1105 2294 1127 2325 1.

281 2344 316 2389 d)
341 2346 425 2380 Tab.
443 2343 469 2380 I.
486 2346 525 2380 O.
578 2345 663 2380 Tab.
679 2345 732 2378 IV.
747 2346 785 2378 V.
837 2344 977 2379 Tab.11.
1002 2345 1036 2379 L.
1051 2345 1094 2379 H.
1116 2344 1169 2378 16.
1204 2353 1253 2385 ¹7·
1278 2341 1305 2376 k.
1357 2339 1443 2376 Tab.
1459 2340 1497 2375 V.
1515 2349 1556 2374 12.
1579 2348 1618 2383 15.
1638 2343 1669 2380 8.
1700 2345 1752 2380 19.
1772 2344 1824 2368 20-
