1971 2672
707 195 859 202 -..-.
894 160 1047 217 (233)
1080 178 1232 202 ===

359 277 485 319 Color
520 276 716 320 Nereidis
753 288 988 330 europaeae
1024 277 1209 316 recentis
1263 277 1767 337 flauesccntc-gryscus‚

163 344 345 401 pallidus
383 354 427 383 et
462 342 518 383 ob
556 340 867 396 epidermidem
905 339 1157 387 iridclcens;
1211 340 1253 380 in
1300 342 1423 381 dorso
1460 346 1594 387 lituris
1633 348 1771 402 singu-

161 411 206 450 lo
243 408 463 460 segmento
500 405 687 459 singulis»,
724 403 1066 456 viridicantibus,
1102 403 1308 486 obsoletis
1332 405 1555 449 distinctus.
1602 411 1768 455 Foliola

161 471 348 514 lateralia
384 471 574 524 margine
613 467 862 510 fulcelcunt.

354 597 402 637 ln
440 597 587 639 multis
627 595 926 651 speciminibus
954 595 1112 650 postica
1136 597 1329 649 corporis
1351 597 1596 639 extremitas
1617 600 1769 658 abrup-

161 672 198 704 ta
244 662 488 716 reperitur,
539 670 584 702 et
630 661 671 700 in
710 673 796 699 non
832 659 976 712 paucis
1014 659 1272 699 teneriorem
1310 661 1638 715 tenuioremque
1672 678 1768 708 cau-

160 728 254 767 dam
292 738 314 765 e
352 733 600 779 praeruptae
645 723 775 776 partis
822 721 1000 762 vulnere
1044 722 1311 774 repullulasse
1356 724 1604 774 obseruaui3
1656 731 1766 771 vnde

158 789 337 831 Nereidi
374 788 553 839 nostrae,
590 794 632 826 et
667 785 980 839 congeneribus
1018 785 1127 826 forte
1155 787 1376 838 omnibus,
1407 789 1652 831 facultatem
1672 805 1769 834 cor-

157 853 275 907 poris
313 852 494 893 amiffam
529 859 696 906 partem
731 848 983 890 resarciendi
1019 850 1158 890 datam
1193 861 1379 905 apparet.

350 975 581 1031 Reperitur
616 976 720 1017 haec
757 975 916 1030 spe-cies
939 1004 953 1028 ‚
997 988 1102 1029 vaga
1138 976 1247 1017 inter
1280 978 1534 1031 vegetabilia
1571 987 1614 1018 et
1649 979 1766 1034 quis-

160 1042 309 1096 quilias
345 1043 542 1092 marinas,
576 1039 618 1080 in
656 1040 766 1080 Mari
804 1039 972 1090 Indico,
1015 1040 1328 1081 mediterraneo
1365 1053 1408 1082 et
1429 1042 1762 1099 septentrionali,

157 1116 321 1148 tantum
354 1103 647 1160 magnitudine
684 1102 860 1145 diuersa.
910 1103 1098 1146 Videtur
1132 1104 1249 1145 illam
1284 1103 1451 1147 Plancus
1484 1107 1694 1149 indicasse.

912 1230 994 1274 IV.

665 1299 842 1351 Nereis
880 1299 1242 1351 lumbricoides.

674 1392 772 1435 Tab.
809 1393 851 1434 15
870 1394 952 1448 fig.
993 1407 1063 1446 19.
1104 1407 1160 1445 09
1182 1391 1229 1435 *ἢ

347 1487 447 1529 Hoc
500 1488 676 1529 nomine
721 1488 825 1528 mihi
869 1489 987 1529 venit
1030 1489 1285 1531 lumbricus
1331 1490 1517 1532 marinus
1561 1489 1754 1547 Linnaci‚

154 1549 227 1601 qui
274 1550 453 1590 omnino
501 1550 674 1602 quidem
711 1550 955 1591 affinitatem
992 1553 1232 1606 genericam
1255 1584 1268 1606 .,
1320 1554 1430 1595 inter
1466 1555 1674 1597 Nereides
1710 1567 1754 1598 et

152 1611 427 1664 Lumbi-icos,
464 1613 589 1652 etiam
626 1614 724 1655 alias
759 1615 963 1668 infigiiem
1001 1617 1207 1670 complet,
1231 1628 1410 1658 attamen
1434 1631 1609 1672 propter
1629 1621 1753 1662 bran-

152 1675 269 1714 cliias
315 1675 408 1716 setis
457 1676 687 1718 dorsalibus
732 1679 891 1719 additas
937 1680 1044 1721 mihi
1088 1682 1230 1735 potius
1272 1681 1403 1736 priori
1440 1684 1584 1737 generi
1620 1686 1753 1727 adnu-

154 1740 377 1780 merandus
420 1739 600 1782 videtur.

347 1864 514 1906 Notum
550 1866 639 1918 est,
682 1868 796 1910 hunc
831 1883 1048 1923 vermem,
1092 1881 1137 1913 vt
1175 1873 1383 1914 Nereides
1421 1874 1546 1916 etiam
1583 1875 1747 1928 aliquae

154 1928 343 1980 faciunt,
388 1929 505 1970 instar
540 1931 867 1974 Lumbi-icorum
905 1936 946 1975 in
985 1935 1117 1976 fundo
1154 1937 1278 1977 maris
1315 1939 1492 1979 arenoso
1515 1968 1527 1990 ‚
1565 1939 1748 1992 praeser-

154 1993 228 2031 tim
275 1993 514 2044 vadorum,
567 1995 809 2038 delitescere
845 2007 887 2038 ct
922 2001 1148 2041 recedente
1184 2001 1290 2042 aestu
1328 2015 1457 2056 gyros
1494 2015 1747 2042 excremen-

153 2064 292 2094 torum
329 2069 350 2096 e
389 2056 645 2101 subtilissimo
681 2061 826 2102 sabulo
862 2064 1138 2105 ςοιιίὶιηῑίιιηι
1177 2065 1297 2119 supra
1333 2066 1537 2115 canalem,
1578 2067 1617 2105 in
1659 2079 1744 2118 quo

151 2119 305 2169 latent,
350 2132 539 2173 egerere.
608 2123 773 2165 Notum
809 2128 971 2179 etiam,
1023 2143 1043 2169 a
1079 2128 1354 2182 piscatoribus
1392 2143 1415 2170 e
1452 2129 1742 2182 profunditate

150 2183 423 2237 sesquipedtli
461 2195 504 2225 et
536 2186 641 2230 vltra
677 2189 807 2231 effodi
845 2191 892 2232 ad
931 2192 1177 2234 inescandos
1221 2194 1370 2235 hamos
1407 2194 1621 2246 capiendis
1659 2193 1744 2235 Ca·

150 2246 210 2285 dis
250 2257 291 2285 et
329 2246 671 2293 Pleuronec'tibus
708 2254 948 2296 destinatos
1017 2257 1172 2312 Anglis
1208 2258 1307 2297 idco
1343 2257 1518 2296 nominc
1537 2255 1643 2311 Lugs
1670 2257 1740 2297 xcl

211 2307 331 2350 Noua
351 2311 454 2352 Ac'la
473 2312 602 2354 Acad.
623 2314 723 2370 Imp.
742 2316 812 2358 Sc.
831 2317 873 2359 Ἰ.
893 2318 953 2359 ΙΙ.
1215 2321 1253 2363 G
1289 2333 1316 2374 g
1634 2319 1737 2371 Lag-
