1971 2672
711 174 868 198 Ξ
904 157 1056 212 (256)

375 273 535 331 Quaeri
571 273 701 328 igitur
735 285 847 313 nunc
883 270 1044 325 potest,
1095 285 1146 313 an
1182 284 1269 312 non
1305 269 1356 310 ad
1392 268 1533 312 Vrum
1569 272 1780 326 pertinere

177 339 402 396 potuerit?
454 339 591 381 Datur
633 339 716 378 fine
763 336 895 377 dubio
940 335 1080 390 aliqua
1123 336 1383 385 fimilitudo,
1436 348 1586 376 verum
1630 336 1781 377 foueae

178 405 430 456 lacrymales
467 405 575 446 adeo
611 403 790 455 insignes
825 401 869 442 in
902 400 983 442 Vri
1019 401 1090 455 fig.
1113 416 1156 452 4.
1193 398 1428 441 Tab.XII.
1465 408 1507 438 et
1542 399 1648 440 adeo
1685 401 1783 441 cha-

179 470 451 511 rat‘teristicae
488 469 531 508 in
567 466 888 508 Ruminantium
926 466 1072 516 classe,
1125 474 1170 506 vt
1206 477 1313 519 quae
1349 464 1392 504 in
1429 463 1579 505 eadem
1623 463 1782 517 specie,

179 534 282 575 licet
331 534 472 575 modis
527 531 698 572 diuersis
749 530 953 584 figuratae
1007 539 1217 584 perpetuo
1271 528 1443 579 adsunt,
1496 528 1538 567 in
1583 528 1784 582 giganteo

182 599 327 640 cranio
363 598 477 638 Tab.
499 597 574 638 XI.
612 596 684 650 fig.
717 608 735 633 1
763 604 805 635 et
836 608 874 634 2.
912 595 1213 635 tantummodo
1250 593 1611 634 delineamentum
1647 593 1784 648 quod-

181 664 279 705 dam
315 662 540 705 fouearum
575 659 806 717 praebent,
841 668 885 700 et
921 660 1174 701 exoriuntur
1208 657 1347 699 altius.

375 790 424 830 In
469 789 617 830 Bobus
662 788 915 829 nostratibus
960 802 1013 829 ne
1058 796 1159 829 nota
1196 787 1369 841 quidem
1406 785 1497 827 talis
1536 785 1686 827 foueae
1722 798 1787 826 re—

180 855 370 912 peritur⁷
425 866 551 907 quam
595 853 651 894 ob
688 852 866 893 cauffam
902 852 1010 892 mihi
1047 866 1133 893 non
1170 852 1327 892 arridet
1360 850 1524 892 Limzaei
1569 850 1788 892 adnotatio

182 920 283 961 edit.
321 917 419 958 XII.
457 931 553 972 pag.
591 926 666 967 98.
710 926 930 972 tamquam
965 916 993 956 fi
1029 916 1145 958 Vrus
1181 916 1359 957 varietas
1405 916 1504 956 esset
1540 916 1788 957 Taurorum

181 981 532 1036 Europeorum?
584 981 732 1022 Doleo
782 982 943 1023 interea
989 994 1118 1035 quam
1169 981 1356 1021 maxime
1407 981 1522 1034 quod
1575 979 1789 1021 eiusmodi

183 1049 321 1089 crania
357 1047 463 1087 mihi
500 1059 746 1100 comparare
784 1058 1029 1100 nequeam,
1082 1045 1252 1099 pondus
1298 1045 1415 1085 enim
1457 1044 1617 1099 insigne
1663 1045 1790 1086 adde-

178 1122 276 1154 rent
309 1111 707 1153 ratiocinationibus
744 1111 892 1154 nostris
929 1111 982 1151 de
1020 1109 1140 1153 Orbe
1174 1110 1367 1163 antiquo.

375 1239 677 1281 Admiratione
713 1248 855 1280 autem
893 1239 1072 1293 dignum
1108 1239 1216 1280 mihi
1237 1239 1430 1289 ridetura
1469 1237 1587 1292 quod
1623 1238 1664 1277 in
1685 1236 1791 1278 Pro·

183 1306 405 1347 montorio
444 1303 537 1344 freti
576 1304 797 1355 Gaditani,
834 1303 903 1343 seu
939 1304 980 1343 in
1019 1304 1141 1355 Rupe
1165 1301 1463 1344 Gibraltarenfi
1499 1315 1545 1341 ac
1581 1303 1623 1341 in
1659 1301 1790 1341 insula

182 1371 290 1411 Lissa
334 1381 468 1422 prope
514 1367 797 1416 Dalmatiam,
852 1376 991 1406 tantus
1047 1379 1248 1406 numerus
1305 1365 1454 1404 offlam
1509 1365 1788 1417 dentiumque

185 1434 493 1474 ruminantium
528 1431 792 1484 reperiatur!
830 1430 983 1471 Fateor
1019 1444 1086 1470 me
1123 1430 1164 1469 in
1203 1429 1379 1481 egregio
1402 1428 1629 1481 specimine
1650 1427 1788 1467 Musei

184 1498 364 1539 Brittan.
410 1496 597 1536 Londini
643 1495 812 1548 scalpris
857 1495 981 1534 variis
1027 1492 1249 1533 denudass‘e
1296 1492 1444 1531 dentes
1487 1490 1679 1530 animalis
1718 1504 1791 1530 cu-

185 1563 352 1602 iusdam
388 1560 576 1614 rapacis,
615 1558 725 1599 forte
761 1559 945 1606 Leonis;
999 1559 1126 1598 etiam
1162 1554 1461 1597 cuniculorum
1500 1554 1691 1594 maxillas
1728 1554 1791 1593 in-

187 1626 365 1667 feriores
423 1634 640 1678 quatuor,
693 1624 734 1663 in
788 1636 923 1677 paruo
978 1623 1091 1677 rupis
1140 1619 1459 1663 Gibraltarenfis
1516 1618 1790 1672 fragmento,

188 1691 305 1746 quod
343 1691 448 1730 mihi
488 1690 605 1729 dono
641 1689 816 1729 dederat
850 1686 914 1726 Ill.
944 1686 1071 1740 Eques
1098 1684 1280 1733 Baneks7
1319 1684 1419 1724 dnm
1457 1684 1506 1723 ad
1543 1683 1672 1723 finem
1702 1683 1788 1723 An.

191 1766 327 1807 1785.
364 1755 550 1795 Londiui
589 1753 798 1794 morabar.
869 1751 1095 1792 innumera
1141 1748 1346 1803 equidem
1392 1748 1530 1790 habco
1578 1748 1790 1800 fragmen-

191 1830 228 1860 ta
272 1834 327 1860 ex
371 1833 419 1859 ea
464 1832 595 1871 rupe,
648 1818 714 1858 sed
759 1817 904 1858 omnia
949 1816 1105 1857 ollibus
1153 1815 1363 1854 maiorum
1408 1813 1711 1854 ruminantium
1749 1821 1791 1851 ct

187 1897 339 1925 eorum
377 1883 610 1923 molaribus
647 1881 827 1935 referta,
880 1881 991 1922 inter
1028 1894 1133 1934 quae
1169 1881 1392 1920 Limacum
1431 1877 1680 1918 terrestrium
1719 1889 1790 1917 va·

188 1950 272 1991 riae
311 1947 529 1990 cochleae.

380 2073 486 2119 Nob.
534 2073 750 2129 Walswzlus
794 2076 984 2116 similiter
1032 2075 1148 2114 dono
1192 2074 1298 2114 mihi
1344 2073 1461 2114 dedit
1507 2072 1790 2124 ssagmentum

190 2156 244 2183 ex
279 2141 409 2182 insula
445 2141 575 2193 Lissa,
627 2142 669 2180 in
709 2153 795 2193 quo
834 2139 1029 2181 maxillae
1065 2152 1157 2192 pars
1195 2153 1291 2180 cum
1333 2148 1514 2193 quatuor
1559 2135 1788 2176 molaribus

189 2207 439 2248 ruminantis
475 2207 688 2259 iunioris⁷
725 2205 860 2246 nostra
895 2205 1043 2246 ouium
1081 2202 1216 2258 specie
1253 2217 1338 2245 non
1374 2202 1564 2244 maioris.

1632 2326 1667 2369 C
1676 2341 1696 2367 u
1705 2340 1725 2366 u
1732 2325 1790 2365 &a
