1971 2672
650 200 801 215 -ι--
836 182 990 238 (211)
1023 196 1177 220 ε-ετξε

175 318 252 360 74.
290 317 364 356 74.
403 300 507 342 Eius
553 300 602 342 ad
639 299 875 353 marginem
920 294 1202 338 continuatio.

312 379 413 415 105.
468 365 571 407 Eius
625 364 796 405 insertio
831 363 872 403 in
921 360 1174 403 fasciculum
1228 358 1492 400 terminalem
1541 361 1718 403 inferio·

370 443 462 471 rem
500 430 693 483 (104.).
771 428 890 469 Haec
925 425 1215 480 procurrentis
1262 422 1440 464 funiculi
1485 426 1602 480 longi
1641 440 1718 467 ex-

374 496 562 536 tremitas
585 524 598 545 .,
633 492 782 535 inserta
817 494 859 533 in
897 491 1190 541 terminalem,
1229 488 1364 543 prima
1399 487 1503 529 fibra
1538 491 1593 530 cst
1629 492 1716 534 foci

371 559 619 609 inferioris,
659 571 784 612 «mam
820 557 961 611 postea
997 555 1158 596 ordinis
1196 553 1368 594 secundi
1405 552 1534 594 fibrae
1572 557 1718 599 ordine

370 623 624 679 retrogrado
655 623 885 677 sequuntur
908 620 1078 670 (πρά).

180 702 257 744 75,
299 703 372 741 77.
412 698 486 741 73.
523 701 599 739 79.
641 695 712 730 81.
752 695 826 729 82.
864 683 1014 725 fibrae
1049 683 1238 738 reliquae
1277 682 1441 723 ordinis
1479 683 1629 738 tertii,
1671 688 1720 727 ad

308 761 631 807 procurrentem
670 749 848 802 longum
885 747 1131 802 applicatae.

182 830 256 872 75.
295 831 369 869 77.
404 825 480 869 78.
534 814 682 856 Fibrae
719 825 898 864 earum,
943 825 998 853 ex
1042 822 1174 866 ponte
1210 813 1354 867 primo
1389 813 1431 853 in
1468 812 1553 854 hoc
1589 815 1722 856 corde

308 891 457 931 ortae,
493 879 543 920 ad
580 887 914 933 procurrentem
948 889 1086 931 vsque
1123 878 1509 930 continuantes-in*
1534 882 1722 934 eumque

308 945 498 985 insertae.

182 1015 255 1065 76.
291 1007 616 1052 Foraminnlum
651 1020 733 1062 pro
767 1019 888 1048 ramo
924 1006 1100 1048 arteriae
1136 1006 1385 1048 coronariae
1421 1006 1615 1049 sinistrae.

182 1090 257 1129 79.
298 1085 371 1119 81·
412 1083 487 1118 82·
556 1071 706 1113 Fibrae
739 1084 794 1112 ex
829 1071 993 1125 reliqua
1027 1072 1206 1124 regione
1242 1071 1385 1125 pontis
1423 1071 1644 1126 subortae,
1680 1075 1723 1116 in

309 1138 515 1192 angulum
567 1146 871 1177 concurrentes
923 1137 1035 1176 inter
1086 1145 1411 1189 procurrentem
1457 1136 1637 1192 longum
1683 1151 1726 1181 et

314 1204 489 1244 breuem
533 1201 640 1252 (84.
683 1201 819 1253 δεμ),
874 1199 966 1241 sub·
990 1212 1154 1253 eosque
1191 1200 1230 1240 se
1264 1201 1521 1255 recipientes
1559 1203 1726 1245 funicu-

314 1268 378 1307 los
417 1276 734 1320 procurrentes,
770 1265 956 1306 insertae*
980 1265 1151 1304 tandem
1188 1267 1230 1305 in
1268 1266 1464 1320 longum.

188 1341 259 1377 80.
298 1330 620 1372 Foraminulum
656 1342 737 1383 pro
771 1342 892 1369 ramo
927 1329 1104 1370 arteriae
1141 1330 1403 1371 coronariae.

188 1404 403 1446 83—87.
445 1403 516 1438 88.
565 1406 667 1432 10¹.
707 1403 780 1443 89.
815 1405 892 1444 90.
927 1406 1004 1444 92.
1045 1404 1121 1444 95.
1157 1408 1234 1447 97.
1272 1404 1348 1446 934
1410 1395 1558 1438 Fibrae
1610 1399 1728 1440 ordi·

313 1460 376 1500 nis
416 1458 588 1511 quarti,
632 1457 702 1498 seu
739 1457 868 1498 fibrae
904 1459 1119 1509 radiatae,
1165 1472 1271 1512 quae
1308 1460 1486 1515 figuram
1523 1463 1725 1505 radiatam

315 1523 576 1574 superiorem
614 1522 724 1561 inter
758 1522 796 1561 se
834 1522 1152 1574 concurrendo,
1187 1532 1230 1563 et
1267 1523 1413 1565 focum
1444 1525 1725 1581 superiorem,

317 1585 531 1636 efficiunt,
568 1595 846 1638 procurrente
883 1585 1118 1627 constantes
1155 1585 1292 1641 breui,
1328 1598 1372 1630 et
1405 1588 1521 1631 fibris
1557 1594 1725 1635 radiatis

318 1650 512 1705 reliqui5‚
548 1649 599 1690 ad
636 1650 757 1691 illum
793 1651 1028 1704 applicatis.

195 1724 266 1765 33.
308 1725 378 1766 54.
423 1724 493 1763 85.
537 1717 606 1758 86.
661 1724 730 1766 87.
773 1724 844 1760 88.
915 1714 1175 1756 Procurrens
1231 1717 1385 1759 minor·
1424 1718 1508 1760 siue
1562 1719 1728 1770 breuis;

319 1778 535 1819 musculus
572 1778 748 1834 biceps,
787 1789 906 1820 ortus
943 1794 963 1821 a
999 1781 1136 1834 prima
1171 1792 1287 1836 parte
1326 1784 1511 1837 regionis
1549 1786 1730 1828 radiatae

322 1856 502 1894 crenae,
546 1843 616 1883 vbi
653 1844 812 1884 vltimis
851 1845 942 1886 latis
978 1846 1206 1900 primisqui
1242 1848 1440 1889 tenuibus
1476 1848 1592 1890 fibris
1629 1864 1732 1892 ven-

325 1908 462 1948 triculi
500 1908 634 1949 dextri
670 1909 910 1963 respondet.

200 1981 271 2022 33.
312 1973 414 2013 Pius
452 1972 629 2012 alterum
666 1985 807 2027 caput,
844 1974 1068 2028 posterius,
1105 1989 1192 2029 quo
1229 1976 1345 2017 fibris
1384 1978 1654 2032 angularibus
1690 1988 1736 2022 et

326 2036 476 2076 fasciae
513 2037 766 2078 infundibuli
805 2039 922 2079 fibris
958 2040 1112 2094 partim
1148 2040 1388 2096 respondet.

200 2108 272 2150 84.
309 2101 448 2141 Huius
487 2102 631 2153 capitis
668 2104 949 2144 continuatio.

202 2174 274 2212 85.
314 2165 453 2218 Caput
490 2165 702 2220 alterum,
737 2169 948 2222 anterius,
997 2183 1082 2225 quo
1118 2171 1266 2225 primis
1303 2171 1564 2213 ventraiibus
1599 2172 1734 2217 fibriis

330 2229 568 2283 respondet.

200 2295 272 2337 86.
315 2294 463 2335 Fibrae
500 2295 792 2337 transuersales
829 2299 1040 2340 net‘lentes
1072 2299 1370 2354 superficiales,
1393 2299 1543 2343 breues
1566 2304 1734 2354 crassae,

905 2363 946 2404 D
969 2364 994 2404 d
1034 2376 1058 2402 2
1645 2369 1738 2421 qui-
