<?xml version="1.0" encoding="UTF-8"?>
<!DOCTYPE html PUBLIC "-//W3C//DTD XHTML 1.0 Transitional//EN"
    "http://www.w3.org/TR/xhtml1/DTD/xhtml1-transitional.dtd">
<html xmlns="http://www.w3.org/1999/xhtml" xml:lang="en" lang="en">
 <head>
  <title>
</title>
<meta http-equiv="Content-Type" content="text/html;charset=utf-8" />
  <meta name='ocr-system' content='tesseract 3.04.00' />
  <meta name='ocr-capabilities' content='ocr_page ocr_carea ocr_par ocr_line ocrx_word'/>
</head>
<body>
  <div class='ocr_page' id='page_1' title='image "./novaactaacademia02impe_0317.png"; bbox 0 0 1971 2672; ppageno 0'>
   <div class='ocr_carea' id='block_1_1' title="bbox 658 193 1184 251">
    <p class='ocr_par' dir='ltr' id='par_1_1' title="bbox 658 193 1184 251">
     <span class='ocr_line' id='line_1_1' title="bbox 658 193 1184 251; baseline -0.01 1"><span class='ocrx_word' id='word_1_1' title='bbox 658 193 1184 251; x_wconf 77' lang='lat'>-(¹95)-—·</span> 
     </span>
    </p>
   </div>
   <div class='ocr_carea' id='block_1_2' title="bbox 659 229 808 237">
    <p class='ocr_par' dir='ltr' id='par_1_2' title="bbox 659 229 808 237">
     <span class='ocr_line' id='line_1_2' title="bbox 659 229 808 237; baseline 0 2435"><span class='ocrx_word' id='word_1_2' title='bbox 659 229 808 237; x_wconf 95' lang='lat' dir='ltr'> </span> 
     </span>
    </p>
   </div>
   <div class='ocr_carea' id='block_1_3' title="bbox 1035 229 1185 238">
    <p class='ocr_par' dir='ltr' id='par_1_3' title="bbox 1035 229 1185 238">
     <span class='ocr_line' id='line_1_3' title="bbox 1035 229 1185 238; baseline 0 0"><span class='ocrx_word' id='word_1_3' title='bbox 1035 229 1185 238; x_wconf 95' lang='lat' dir='ltr'> </span> 
     </span>
    </p>
   </div>
   <div class='ocr_carea' id='block_1_4' title="bbox 126 305 1730 431">
    <p class='ocr_par' dir='ltr' id='par_1_4' title="bbox 126 305 1730 431">
     <span class='ocr_line' id='line_1_4' title="bbox 127 305 1730 366; baseline 0 -12"><span class='ocrx_word' id='word_1_4' title='bbox 127 320 194 355; x_wconf 85' lang='lat' dir='ltr'>tur</span> <span class='ocrx_word' id='word_1_5' title='bbox 229 311 326 365; x_wconf 76' lang='lat' dir='ltr'>effe,</span> <span class='ocrx_word' id='word_1_6' title='bbox 362 323 443 366; x_wconf 79' lang='lat' dir='ltr'>qna</span> <span class='ocrx_word' id='word_1_7' title='bbox 479 310 637 353; x_wconf 86' lang='lat' dir='ltr'>scilicet</span> <span class='ocrx_word' id='word_1_8' title='bbox 671 323 756 351; x_wconf 88' lang='lat' dir='ltr'>non</span> <span class='ocrx_word' id='word_1_9' title='bbox 792 310 843 351; x_wconf 78' lang='lat' dir='ltr'>ad</span> <span class='ocrx_word' id='word_1_10' title='bbox 879 308 1152 364; x_wconf 85' lang='lat' dir='ltr'>pulmonales</span> <span class='ocrx_word' id='word_1_11' title='bbox 1187 305 1227 348; x_wconf 86' lang='lat' dir='ltr'>se</span> <span class='ocrx_word' id='word_1_12' title='bbox 1265 307 1450 362; x_wconf 82' lang='lat' dir='ltr'><strong>applicet</strong></span> <span class='ocrx_word' id='word_1_13' title='bbox 1483 307 1517 352; x_wconf 89' lang='lat' dir='ltr'>is</span> <span class='ocrx_word' id='word_1_14' title='bbox 1555 321 1730 354; x_wconf 79' lang='lat' dir='ltr'>muscu-</span> 
     </span>
     <span class='ocr_line' id='line_1_5' title="bbox 126 373 1078 431; baseline -0.003 -14"><span class='ocrx_word' id='word_1_15' title='bbox 126 375 220 430; x_wconf 88' lang='lat' dir='ltr'>lus,</span> <span class='ocrx_word' id='word_1_16' title='bbox 255 375 322 417; x_wconf 90' lang='lat' dir='ltr'>sed</span> <span class='ocrx_word' id='word_1_17' title='bbox 358 377 501 431; x_wconf 87' lang='lat' dir='ltr'>potius</span> <span class='ocrx_word' id='word_1_18' title='bbox 536 377 579 418; x_wconf 89' lang='lat' dir='ltr'>in</span> <span class='ocrx_word' id='word_1_19' title='bbox 614 375 849 417; x_wconf 62' lang='lat' dir='ltr'>inte-riedias</span> <span class='ocrx_word' id='word_1_20' title='bbox 887 373 1078 416; x_wconf 78' lang='lat' dir='ltr'>transeat.</span> 
     </span>
    </p>
   </div>
   <div class='ocr_carea' id='block_1_5' title="bbox 466 498 1397 560">
    <p class='ocr_par' dir='ltr' id='par_1_5' title="bbox 466 498 1397 560">
     <span class='ocr_line' id='line_1_6' title="bbox 466 498 1397 560; baseline -0.006 -14"><span class='ocrx_word' id='word_1_21' title='bbox 466 504 593 546; x_wconf 84' lang='lat' dir='ltr'><em>Haud</em></span> <span class='ocrx_word' id='word_1_22' title='bbox 611 503 719 560; x_wconf 82' lang='lat' dir='ltr'>satis</span> <span class='ocrx_word' id='word_1_23' title='bbox 752 503 964 558; x_wconf 82' lang='lat' dir='ltr'>constantes</span> <span class='ocrx_word' id='word_1_24' title='bbox 993 500 1124 555; x_wconf 80' lang='lat' dir='ltr'>fibrae</span> <span class='ocrx_word' id='word_1_25' title='bbox 1159 498 1397 542; x_wconf 66' lang='lat' dir='ltr'>interieHae.</span> 
     </span>
    </p>
   </div>
   <div class='ocr_carea' id='block_1_6' title="bbox 131 595 1742 1936">
    <p class='ocr_par' dir='ltr' id='par_1_6' title="bbox 131 595 1742 1936">
     <span class='ocr_line' id='line_1_7' title="bbox 321 595 1726 655; baseline -0.001 -13"><span class='ocrx_word' id='word_1_26' title='bbox 321 600 489 643; x_wconf 81' lang='lat' dir='ltr'>Verum</span> <span class='ocrx_word' id='word_1_27' title='bbox 528 614 629 655; x_wconf 83' lang='lat' dir='ltr'>quas</span> <span class='ocrx_word' id='word_1_28' title='bbox 665 599 888 641; x_wconf 61' lang='lat' dir='ltr'>interimas</span> <span class='ocrx_word' id='word_1_29' title='bbox 923 599 1011 640; x_wconf 81' lang='lat' dir='ltr'>dixi</span> <span class='ocrx_word' id='word_1_30' title='bbox 1047 597 1197 647; x_wconf 75' lang='lat' dir='ltr'>fibras,</span> <span class='ocrx_word' id='word_1_31' title='bbox 1233 596 1312 638; x_wconf 80' lang='lat' dir='ltr'>hae</span> <span class='ocrx_word' id='word_1_32' title='bbox 1348 595 1524 636; x_wconf 88' lang='lat' dir='ltr'>minime</span> <span class='ocrx_word' id='word_1_33' title='bbox 1563 596 1652 639; x_wconf 82' lang='lat' dir='ltr'>satis</span> <span class='ocrx_word' id='word_1_34' title='bbox 1690 599 1726 640; x_wconf 88' lang='lat' dir='ltr'>se</span> 
     </span>
     <span class='ocr_line' id='line_1_8' title="bbox 131 660 1731 717; baseline -0.003 -10"><span class='ocrx_word' id='word_1_35' title='bbox 131 664 452 707; x_wconf 79' lang='lat' dir='ltr'>confirmarunt.</span> <span class='ocrx_word' id='word_1_36' title='bbox 521 666 577 717; x_wconf 88' lang='grc' dir='ltr'>α)</span> <span class='ocrx_word' id='word_1_37' title='bbox 615 662 909 713; x_wconf 82' lang='lat' dir='ltr'>Credideram,</span> <span class='ocrx_word' id='word_1_38' title='bbox 955 662 1047 702; x_wconf 87' lang='lat' dir='ltr'>fore</span> <span class='ocrx_word' id='word_1_39' title='bbox 1095 660 1348 712; x_wconf 77' lang='lat' dir='ltr'>constanter,</span> <span class='ocrx_word' id='word_1_40' title='bbox 1383 669 1430 701; x_wconf 83' lang='lat' dir='ltr'>vt</span> <span class='ocrx_word' id='word_1_41' title='bbox 1465 660 1731 703; x_wconf 86' lang='lat' dir='ltr'>circumflexi</span> 
     </span>
     <span class='ocr_line' id='line_1_9' title="bbox 133 724 1735 783; baseline -0.002 -13"><span class='ocrx_word' id='word_1_42' title='bbox 133 731 269 770; x_wconf 83' lang='lat' dir='ltr'>dextri</span> <span class='ocrx_word' id='word_1_43' title='bbox 316 729 492 783; x_wconf 87' lang='lat' dir='ltr'>oblique</span> <span class='ocrx_word' id='word_1_44' title='bbox 536 727 690 768; x_wconf 86' lang='lat' dir='ltr'>sursum</span> <span class='ocrx_word' id='word_1_45' title='bbox 734 726 957 767; x_wconf 87' lang='lat' dir='ltr'>redeundo</span> <span class='ocrx_word' id='word_1_46' title='bbox 1001 726 1051 767; x_wconf 79' lang='lat' dir='ltr'>ad</span> <span class='ocrx_word' id='word_1_47' title='bbox 1088 724 1358 779; x_wconf 84' lang='lat' dir='ltr'>pulmonales</span> <span class='ocrx_word' id='word_1_48' title='bbox 1397 724 1436 764; x_wconf 87' lang='lat' dir='ltr'>se</span> <span class='ocrx_word' id='word_1_49' title='bbox 1472 725 1735 780; x_wconf 77' lang='lat' dir='ltr'>applicarent</span> 
     </span>
     <span class='ocr_line' id='line_1_10' title="bbox 133 788 1737 847; baseline -0.002 -13"><span class='ocrx_word' id='word_1_50' title='bbox 133 794 391 843; x_wconf 73' lang='lat' dir='ltr'>anteriores,</span> <span class='ocrx_word' id='word_1_51' title='bbox 431 805 516 847; x_wconf 86' lang='lat' dir='ltr'>quo</span> <span class='ocrx_word' id='word_1_52' title='bbox 553 791 729 846; x_wconf 82' lang='lat' dir='ltr'>spatium</span> <span class='ocrx_word' id='word_1_53' title='bbox 764 791 874 831; x_wconf 91' lang='lat' dir='ltr'>inter</span> <span class='ocrx_word' id='word_1_54' title='bbox 910 789 1208 844; x_wconf 76' lang='lat' dir='ltr'>pulmonales,</span> <span class='ocrx_word' id='word_1_55' title='bbox 1244 789 1559 841; x_wconf 63' lang='lat' dir='ltr'>circumflexam,</span> <span class='ocrx_word' id='word_1_56' title='bbox 1597 799 1639 830; x_wconf 90' lang='lat' dir='ltr'>et</span> <span class='ocrx_word' id='word_1_57' title='bbox 1676 788 1737 831; x_wconf 76' lang='lat' dir='ltr'>fa·</span> 
     </span>
     <span class='ocr_line' id='line_1_11' title="bbox 133 853 1738 908; baseline -0.002 -10"><span class='ocrx_word' id='word_1_58' title='bbox 133 858 256 899; x_wconf 80' lang='lat' dir='ltr'>sciam</span> <span class='ocrx_word' id='word_1_59' title='bbox 292 855 574 906; x_wconf 67' lang='lat' dir='ltr'>infundibuli„</span> <span class='ocrx_word' id='word_1_60' title='bbox 610 856 818 905; x_wconf 73' lang='lat' dir='ltr'>oriretur,</span> <span class='ocrx_word' id='word_1_61' title='bbox 857 855 972 908; x_wconf 85' lang='lat' dir='ltr'>quod</span> <span class='ocrx_word' id='word_1_62' title='bbox 1010 854 1277 907; x_wconf 84' lang='lat' dir='ltr'>completum</span> <span class='ocrx_word' id='word_1_63' title='bbox 1314 853 1458 904; x_wconf 75' lang='lat' dir='ltr'>fibris,</span> <span class='ocrx_word' id='word_1_64' title='bbox 1495 867 1516 894; x_wconf 81' lang='lat' dir='ltr'>a</span> <span class='ocrx_word' id='word_1_65' title='bbox 1553 854 1738 894; x_wconf 88' lang='lat' dir='ltr'>circum-</span> 
     </span>
     <span class='ocr_line' id='line_1_12' title="bbox 134 916 1735 972; baseline -0.002 -9"><span class='ocrx_word' id='word_1_66' title='bbox 134 922 254 963; x_wconf 82' lang='lat' dir='ltr'>flexis</span> <span class='ocrx_word' id='word_1_67' title='bbox 291 920 478 970; x_wconf 73' lang='lat' dir='ltr'>diuersis,</span> <span class='ocrx_word' id='word_1_68' title='bbox 514 919 742 960; x_wconf 75' lang='lat' dir='ltr'>necessario</span> <span class='ocrx_word' id='word_1_69' title='bbox 770 919 1005 959; x_wconf 57' lang='lat' dir='ltr'>interit-&amp;tas</span> <span class='ocrx_word' id='word_1_70' title='bbox 1027 917 1370 972; x_wconf 80' lang='lat' dir='ltr'><strong>repraesentaret.</strong></span> <span class='ocrx_word' id='word_1_71' title='bbox 1438 916 1609 958; x_wconf 92' lang='lat' dir='ltr'>Verum</span> <span class='ocrx_word' id='word_1_72' title='bbox 1629 918 1735 960; x_wconf 80' lang='lat' dir='ltr'>haec</span> 
     </span>
     <span class='ocr_line' id='line_1_13' title="bbox 133 981 1734 1035; baseline -0.002 -8"><span class='ocrx_word' id='word_1_73' title='bbox 133 999 199 1027; x_wconf 86' lang='lat' dir='ltr'>res</span> <span class='ocrx_word' id='word_1_74' title='bbox 236 999 303 1026; x_wconf 90' lang='lat' dir='ltr'>me</span> <span class='ocrx_word' id='word_1_75' title='bbox 340 983 506 1025; x_wconf 80' lang='lat' dir='ltr'>fefellit.</span> <span class='ocrx_word' id='word_1_76' title='bbox 573 982 798 1024; x_wconf 73' lang='lat' dir='ltr'>Parallelae</span> <span class='ocrx_word' id='word_1_77' title='bbox 835 984 876 1023; x_wconf 90' lang='lat' dir='ltr'>in</span> <span class='ocrx_word' id='word_1_78' title='bbox 914 983 997 1023; x_wconf 91' lang='lat' dir='ltr'>hoc</span> <span class='ocrx_word' id='word_1_79' title='bbox 1027 983 1155 1023; x_wconf 87' lang='lat' dir='ltr'>corde</span> <span class='ocrx_word' id='word_1_80' title='bbox 1184 981 1313 1022; x_wconf 84' lang='lat' dir='ltr'>fibrae</span> <span class='ocrx_word' id='word_1_81' title='bbox 1335 981 1734 1035; x_wconf 82' lang='lat' dir='ltr'>circumflexorum‚</span> 
     </span>
     <span class='ocr_line' id='line_1_14' title="bbox 136 1044 1736 1103; baseline -0.001 -13"><span class='ocrx_word' id='word_1_82' title='bbox 136 1051 236 1090; x_wconf 84' lang='lat' dir='ltr'>dum</span> <span class='ocrx_word' id='word_1_83' title='bbox 281 1049 402 1103; x_wconf 87' lang='lat' dir='ltr'>super</span> <span class='ocrx_word' id='word_1_84' title='bbox 447 1048 681 1101; x_wconf 85' lang='lat' dir='ltr'>marginem</span> <span class='ocrx_word' id='word_1_85' title='bbox 718 1047 931 1088; x_wconf 75' lang='lat' dir='ltr'>bafilarem</span> <span class='ocrx_word' id='word_1_86' title='bbox 968 1045 1180 1088; x_wconf 84' lang='lat' dir='ltr'>transeunt</span> <span class='ocrx_word' id='word_1_87' title='bbox 1213 1044 1294 1099; x_wconf 80' lang='lat' dir='ltr'>b),</span> <span class='ocrx_word' id='word_1_88' title='bbox 1330 1046 1647 1099; x_wconf 84' lang='lat' dir='ltr'>pulmonalibus</span> <span class='ocrx_word' id='word_1_89' title='bbox 1694 1057 1736 1088; x_wconf 87' lang='lat' dir='ltr'>et</span> 
     </span>
     <span class='ocr_line' id='line_1_15' title="bbox 136 1110 1738 1166; baseline -0.002 -12"><span class='ocrx_word' id='word_1_90' title='bbox 136 1113 286 1154; x_wconf 73' lang='lat' dir='ltr'>fasciae</span> <span class='ocrx_word' id='word_1_91' title='bbox 323 1112 580 1153; x_wconf 84' lang='lat' dir='ltr'>infundibuli</span> <span class='ocrx_word' id='word_1_92' title='bbox 617 1112 972 1166; x_wconf 77' lang='lat' dir='ltr'>progrediuntur,</span> <span class='ocrx_word' id='word_1_93' title='bbox 1018 1124 1152 1165; x_wconf 86' lang='lat' dir='ltr'>eaque</span> <span class='ocrx_word' id='word_1_94' title='bbox 1189 1110 1352 1151; x_wconf 75' lang='lat' dir='ltr'>ratione</span> <span class='ocrx_word' id='word_1_95' title='bbox 1388 1111 1431 1151; x_wconf 88' lang='lat' dir='ltr'>in</span> <span class='ocrx_word' id='word_1_96' title='bbox 1467 1110 1592 1152; x_wconf 79' lang='lat' dir='ltr'>fibras</span> <span class='ocrx_word' id='word_1_97' title='bbox 1630 1123 1738 1151; x_wconf 88' lang='lat' dir='ltr'>con-</span> 
     </span>
     <span class='ocr_line' id='line_1_16' title="bbox 136 1174 1736 1231; baseline -0.001 -13"><span class='ocrx_word' id='word_1_98' title='bbox 136 1178 331 1227; x_wconf 74' lang='lat' dir='ltr'>tinuant,</span> <span class='ocrx_word' id='word_1_99' title='bbox 379 1189 484 1230; x_wconf 75' lang='lat' dir='ltr'>qnae</span> <span class='ocrx_word' id='word_1_100' title='bbox 521 1175 660 1217; x_wconf 88' lang='lat' dir='ltr'>sedem</span> <span class='ocrx_word' id='word_1_101' title='bbox 697 1186 910 1231; x_wconf 81' lang='lat' dir='ltr'>occupant</span> <span class='ocrx_word' id='word_1_102' title='bbox 944 1176 1255 1216; x_wconf 63' lang='lat' dir='ltr'>interieeizmim</span> <span class='ocrx_word' id='word_1_103' title='bbox 1291 1174 1376 1227; x_wconf 80' lang='lat' dir='ltr'>c),</span> <span class='ocrx_word' id='word_1_104' title='bbox 1429 1174 1499 1215; x_wconf 82' lang='lat' dir='ltr'>sed</span> <span class='ocrx_word' id='word_1_105' title='bbox 1537 1176 1676 1216; x_wconf 90' lang='lat' dir='ltr'>minus</span> <span class='ocrx_word' id='word_1_106' title='bbox 1713 1189 1736 1216; x_wconf 83' lang='lat' dir='ltr'>a</span> 
     </span>
     <span class='ocr_line' id='line_1_17' title="bbox 137 1239 1737 1293; baseline -0.001 -12"><span class='ocrx_word' id='word_1_107' title='bbox 137 1241 421 1282; x_wconf 78' lang='lat' dir='ltr'>circumflexis</span> <span class='ocrx_word' id='word_1_108' title='bbox 452 1240 660 1281; x_wconf 60' lang='lat' dir='ltr'>distindiae</span> <span class='ocrx_word' id='word_1_109' title='bbox 689 1240 798 1292; x_wconf 84' lang='lat' dir='ltr'>sunt,</span> <span class='ocrx_word' id='word_1_110' title='bbox 834 1241 1060 1293; x_wconf 86' lang='lat' dir='ltr'>minusque</span> <span class='ocrx_word' id='word_1_111' title='bbox 1082 1239 1282 1280; x_wconf 86' lang='lat' dir='ltr'>differunt</span> <span class='ocrx_word' id='word_1_112' title='bbox 1318 1252 1340 1279; x_wconf 82' lang='lat' dir='ltr'>a</span> <span class='ocrx_word' id='word_1_113' title='bbox 1373 1239 1543 1291; x_wconf 72' lang='lat' dir='ltr'>vicinis,</span> <span class='ocrx_word' id='word_1_114' title='bbox 1566 1250 1610 1281; x_wconf 79' lang='lat' dir='ltr'>vt</span> <span class='ocrx_word' id='word_1_115' title='bbox 1646 1249 1737 1280; x_wconf 84' lang='lat' dir='ltr'>tan-</span> 
     </span>
     <span class='ocr_line' id='line_1_18' title="bbox 137 1302 1738 1359; baseline -0.001 -14"><span class='ocrx_word' id='word_1_116' title='bbox 137 1318 263 1359; x_wconf 77' lang='lat' dir='ltr'>quam</span> <span class='ocrx_word' id='word_1_117' title='bbox 308 1304 531 1357; x_wconf 76' lang='lat' dir='ltr'>singulares</span> <span class='ocrx_word' id='word_1_118' title='bbox 576 1304 704 1344; x_wconf 80' lang='lat' dir='ltr'>fibrae</span> <span class='ocrx_word' id='word_1_119' title='bbox 749 1304 1000 1344; x_wconf 84' lang='lat' dir='ltr'>confiderari</span> <span class='ocrx_word' id='word_1_120' title='bbox 1042 1304 1220 1358; x_wconf 68' lang='lat' dir='ltr'>possent.</span> <span class='ocrx_word' id='word_1_121' title='bbox 1291 1302 1334 1344; x_wconf 94' lang='lat' dir='ltr'>Si</span> <span class='ocrx_word' id='word_1_122' title='bbox 1380 1305 1559 1345; x_wconf 86' lang='lat' dir='ltr'>omnino</span> <span class='ocrx_word' id='word_1_123' title='bbox 1597 1304 1738 1345; x_wconf 87' lang='lat' dir='ltr'>conti-</span> 
     </span>
     <span class='ocr_line' id='line_1_19' title="bbox 137 1366 1738 1422; baseline -0.001 -13"><span class='ocrx_word' id='word_1_124' title='bbox 137 1378 329 1418; x_wconf 73' lang='lat' dir='ltr'>nuarent,</span> <span class='ocrx_word' id='word_1_125' title='bbox 365 1367 665 1408; x_wconf 80' lang='lat' dir='ltr'>circumflexae</span> <span class='ocrx_word' id='word_1_126' title='bbox 702 1367 832 1407; x_wconf 76' lang='lat' dir='ltr'>essent</span> <span class='ocrx_word' id='word_1_127' title='bbox 865 1367 999 1421; x_wconf 82' lang='lat' dir='ltr'>ipsae,</span> <span class='ocrx_word' id='word_1_128' title='bbox 1035 1380 1121 1408; x_wconf 90' lang='lat' dir='ltr'>non</span> <span class='ocrx_word' id='word_1_129' title='bbox 1157 1368 1206 1408; x_wconf 82' lang='lat' dir='ltr'>ad</span> <span class='ocrx_word' id='word_1_130' title='bbox 1237 1366 1514 1422; x_wconf 20' lang='lat' dir='ltr'>„pulmonales</span> <span class='ocrx_word' id='word_1_131' title='bbox 1552 1369 1738 1422; x_wconf 84' lang='lat' dir='ltr'>applica-</span> 
     </span>
     <span class='ocr_line' id='line_1_20' title="bbox 137 1430 1739 1485; baseline 0 -13"><span class='ocrx_word' id='word_1_132' title='bbox 137 1442 219 1483; x_wconf 74' lang='lat' dir='ltr'>tae,</span> <span class='ocrx_word' id='word_1_133' title='bbox 256 1430 322 1471; x_wconf 87' lang='lat' dir='ltr'>sed</span> <span class='ocrx_word' id='word_1_134' title='bbox 359 1432 399 1471; x_wconf 92' lang='lat' dir='ltr'>in</span> <span class='ocrx_word' id='word_1_135' title='bbox 436 1441 612 1485; x_wconf 86' lang='lat' dir='ltr'>pontem</span> <span class='ocrx_word' id='word_1_136' title='bbox 650 1431 924 1473; x_wconf 77' lang='lat' dir='ltr'>transeuntes.</span> <span class='ocrx_word' id='word_1_137' title='bbox 994 1431 1178 1483; x_wconf 83' lang='lat' dir='ltr'>Verum,</span> <span class='ocrx_word' id='word_1_138' title='bbox 1201 1431 1258 1472; x_wconf 90' lang='lat' dir='ltr'>est</span> <span class='ocrx_word' id='word_1_139' title='bbox 1276 1431 1415 1485; x_wconf 79' lang='lat' dir='ltr'>aliqua</span> <span class='ocrx_word' id='word_1_140' title='bbox 1436 1431 1613 1473; x_wconf 81' lang='lat' dir='ltr'>obscura</span> <span class='ocrx_word' id='word_1_141' title='bbox 1635 1444 1739 1473; x_wconf 89' lang='lat' dir='ltr'>con·</span> 
     </span>
     <span class='ocr_line' id='line_1_21' title="bbox 138 1495 1741 1549; baseline -0.002 -14"><span class='ocrx_word' id='word_1_142' title='bbox 138 1496 384 1535; x_wconf 76' lang='lat' dir='ltr'>tinuationis</span> <span class='ocrx_word' id='word_1_143' title='bbox 422 1496 675 1549; x_wconf 79' lang='lat' dir='ltr'>interruptio</span> <span class='ocrx_word' id='word_1_144' title='bbox 711 1497 753 1534; x_wconf 88' lang='lat' dir='ltr'>in</span> <span class='ocrx_word' id='word_1_145' title='bbox 788 1509 834 1535; x_wconf 77' lang='lat' dir='ltr'>eu</span> <span class='ocrx_word' id='word_1_146' title='bbox 871 1497 994 1547; x_wconf 76' lang='lat' dir='ltr'>sede,</span> <span class='ocrx_word' id='word_1_147' title='bbox 1038 1496 1110 1536; x_wconf 75' lang='lat' dir='ltr'>vbi</span> <span class='ocrx_word' id='word_1_148' title='bbox 1147 1495 1412 1536; x_wconf 84' lang='lat' dir='ltr'>circumflexi</span> <span class='ocrx_word' id='word_1_149' title='bbox 1451 1496 1560 1537; x_wconf 87' lang='lat' dir='ltr'>finiri</span> <span class='ocrx_word' id='word_1_150' title='bbox 1598 1506 1640 1537; x_wconf 88' lang='lat' dir='ltr'>et</span> <span class='ocrx_word' id='word_1_151' title='bbox 1677 1499 1741 1536; x_wconf 83' lang='lat' dir='ltr'>in-</span> 
     </span>
     <span class='ocr_line' id='line_1_22' title="bbox 139 1558 1739 1614; baseline 0.002 -16"><span class='ocrx_word' id='word_1_152' title='bbox 139 1560 333 1598; x_wconf 62' lang='lat' dir='ltr'>tetieftne</span> <span class='ocrx_word' id='word_1_153' title='bbox 370 1559 556 1610; x_wconf 76' lang='lat' dir='ltr'>incipere</span> <span class='ocrx_word' id='word_1_154' title='bbox 595 1558 730 1597; x_wconf 87' lang='lat' dir='ltr'>solent</span> <span class='ocrx_word' id='word_1_155' title='bbox 764 1559 844 1612; x_wconf 80' lang='lat' dir='ltr'>d);</span> <span class='ocrx_word' id='word_1_156' title='bbox 882 1570 926 1599; x_wconf 87' lang='lat' dir='ltr'>et</span> <span class='ocrx_word' id='word_1_157' title='bbox 959 1559 1120 1613; x_wconf 85' lang='lat' dir='ltr'>primae</span> <span class='ocrx_word' id='word_1_158' title='bbox 1157 1559 1304 1610; x_wconf 76' lang='lat' dir='ltr'>fibrae,</span> <span class='ocrx_word' id='word_1_159' title='bbox 1330 1560 1400 1600; x_wconf 64' lang='lat' dir='ltr'>vel</span> <span class='ocrx_word' id='word_1_160' title='bbox 1424 1561 1545 1611; x_wconf 78' lang='lat' dir='ltr'>duae,</span> <span class='ocrx_word' id='word_1_161' title='bbox 1572 1561 1622 1602; x_wconf 83' lang='lat' dir='ltr'>ad</span> <span class='ocrx_word' id='word_1_162' title='bbox 1644 1560 1739 1614; x_wconf 88' lang='lat' dir='ltr'>pul·</span> 
     </span>
     <span class='ocr_line' id='line_1_23' title="bbox 142 1621 1737 1676; baseline 0.001 -13"><span class='ocrx_word' id='word_1_163' title='bbox 142 1621 334 1663; x_wconf 70' lang='lat' dir='ltr'>monnles</span> <span class='ocrx_word' id='word_1_164' title='bbox 371 1622 549 1661; x_wconf 83' lang='lat' dir='ltr'>omnino</span> <span class='ocrx_word' id='word_1_165' title='bbox 587 1621 625 1662; x_wconf 87' lang='lat' dir='ltr'>se</span> <span class='ocrx_word' id='word_1_166' title='bbox 662 1622 898 1676; x_wconf 77' lang='lat' dir='ltr'>applicant;</span> <span class='ocrx_word' id='word_1_167' title='bbox 954 1633 997 1664; x_wconf 89' lang='lat' dir='ltr'>et</span> <span class='ocrx_word' id='word_1_168' title='bbox 1031 1625 1152 1664; x_wconf 69' lang='lat' dir='ltr'>datur</span> <span class='ocrx_word' id='word_1_169' title='bbox 1187 1624 1289 1665; x_wconf 83' lang='lat' dir='ltr'>fibra</span> <span class='ocrx_word' id='word_1_170' title='bbox 1334 1624 1375 1663; x_wconf 87' lang='lat' dir='ltr'>in</span> <span class='ocrx_word' id='word_1_171' title='bbox 1414 1624 1497 1665; x_wconf 93' lang='lat' dir='ltr'>hoc</span> <span class='ocrx_word' id='word_1_172' title='bbox 1535 1625 1663 1665; x_wconf 90' lang='lat' dir='ltr'>corde</span> <span class='ocrx_word' id='word_1_173' title='bbox 1689 1625 1737 1676; x_wconf 86' lang='lat' dir='ltr'>e)</span> 
     </span>
     <span class='ocr_line' id='line_1_24' title="bbox 141 1686 1740 1742; baseline 0 -14"><span class='ocrx_word' id='word_1_174' title='bbox 141 1687 377 1738; x_wconf 60' lang='lat' dir='ltr'>linguinis,</span> <span class='ocrx_word' id='word_1_175' title='bbox 413 1699 467 1726; x_wconf 89' lang='lat' dir='ltr'>cx</span> <span class='ocrx_word' id='word_1_176' title='bbox 503 1686 783 1727; x_wconf 84' lang='lat' dir='ltr'>circumflexo</span> <span class='ocrx_word' id='word_1_177' title='bbox 820 1687 1010 1728; x_wconf 78' lang='lat' dir='ltr'>inferiori</span> <span class='ocrx_word' id='word_1_178' title='bbox 1047 1689 1308 1737; x_wconf 70' lang='lat' dir='ltr'>continuata,</span> <span class='ocrx_word' id='word_1_179' title='bbox 1346 1702 1428 1742; x_wconf 83' lang='lat' dir='ltr'>qua</span> <span class='ocrx_word' id='word_1_180' title='bbox 1464 1699 1651 1730; x_wconf 82' lang='lat' dir='ltr'>caeterae</span> <span class='ocrx_word' id='word_1_181' title='bbox 1677 1689 1740 1729; x_wconf 89' lang='lat' dir='ltr'>in-</span> 
     </span>
     <span class='ocr_line' id='line_1_25' title="bbox 143 1748 1741 1806; baseline 0.003 -16"><span class='ocrx_word' id='word_1_182' title='bbox 143 1751 408 1791; x_wconf 58' lang='lat' dir='ltr'>tericfvarum</span> <span class='ocrx_word' id='word_1_183' title='bbox 444 1749 572 1790; x_wconf 78' lang='lat' dir='ltr'>fibrae</span> <span class='ocrx_word' id='word_1_184' title='bbox 599 1748 658 1806; x_wconf 91' lang='lat' dir='ltr'>s)</span> <span class='ocrx_word' id='word_1_185' title='bbox 694 1764 715 1792; x_wconf 83' lang='lat' dir='ltr'>a</span> <span class='ocrx_word' id='word_1_186' title='bbox 751 1750 866 1792; x_wconf 79' lang='lat' dir='ltr'>fibris</span> <span class='ocrx_word' id='word_1_187' title='bbox 904 1753 1169 1793; x_wconf 78' lang='lat' dir='ltr'>circumflexi</span> <span class='ocrx_word' id='word_1_188' title='bbox 1206 1753 1549 1806; x_wconf 71' lang='lat' dir='ltr'>distinguuntur,</span> <span class='ocrx_word' id='word_1_189' title='bbox 1602 1767 1624 1794; x_wconf 84' lang='lat' dir='ltr'>a</span> <span class='ocrx_word' id='word_1_190' title='bbox 1660 1767 1741 1806; x_wconf 82' lang='lat' dir='ltr'>qua</span> 
     </span>
     <span class='ocr_line' id='line_1_26' title="bbox 144 1813 1742 1872; baseline 0.003 -18"><span class='ocrx_word' id='word_1_191' title='bbox 144 1815 239 1855; x_wconf 77' lang='lat' dir='ltr'>illae</span> <span class='ocrx_word' id='word_1_192' title='bbox 278 1813 386 1867; x_wconf 77' lang='lat' dir='ltr'>quasi</span> <span class='ocrx_word' id='word_1_193' title='bbox 423 1815 629 1855; x_wconf 84' lang='lat' dir='ltr'>oriuntur.</span> <span class='ocrx_word' id='word_1_194' title='bbox 700 1815 745 1855; x_wconf 91' lang='lat' dir='ltr'>ln</span> <span class='ocrx_word' id='word_1_195' title='bbox 783 1817 866 1856; x_wconf 80' lang='lat' dir='ltr'>alio</span> <span class='ocrx_word' id='word_1_196' title='bbox 903 1818 1063 1867; x_wconf 73' lang='lat' dir='ltr'>corde,</span> <span class='ocrx_word' id='word_1_197' title='bbox 1107 1817 1178 1857; x_wconf 86' lang='lat' dir='ltr'>vbi</span> <span class='ocrx_word' id='word_1_198' title='bbox 1216 1817 1516 1858; x_wconf 74' lang='lat' dir='ltr'>circumflexus</span> <span class='ocrx_word' id='word_1_199' title='bbox 1554 1818 1742 1872; x_wconf 88' lang='lat' dir='ltr'>superior</span> 
     </span>
     <span class='ocr_line' id='line_1_27' title="bbox 146 1878 1742 1936; baseline 0.004 -19"><span class='ocrx_word' id='word_1_200' title='bbox 146 1878 324 1934; x_wconf 77' lang='lat' dir='ltr'>pulchre</span> <span class='ocrx_word' id='word_1_201' title='bbox 362 1878 401 1917; x_wconf 88' lang='lat' dir='ltr'>in</span> <span class='ocrx_word' id='word_1_202' title='bbox 437 1878 703 1932; x_wconf 84' lang='lat' dir='ltr'>pulmonales</span> <span class='ocrx_word' id='word_1_203' title='bbox 740 1880 942 1931; x_wconf 78' lang='lat' dir='ltr'>insertus,</span> <span class='ocrx_word' id='word_1_204' title='bbox 980 1882 1157 1922; x_wconf 84' lang='lat' dir='ltr'>inferior</span> <span class='ocrx_word' id='word_1_205' title='bbox 1191 1881 1428 1936; x_wconf 84' lang='lat' dir='ltr'>manifesto,</span> <span class='ocrx_word' id='word_1_206' title='bbox 1473 1893 1513 1924; x_wconf 85' lang='lat' dir='ltr'>at</span> <span class='ocrx_word' id='word_1_207' title='bbox 1547 1882 1742 1936; x_wconf 71' lang='lat' dir='ltr'>singulari</span> 
     </span>
    </p>
   </div>
   <div class='ocr_carea' id='block_1_7' title="bbox 918 1945 1743 1997">
    <p class='ocr_par' dir='ltr' id='par_1_7' title="bbox 918 1945 1743 1997">
     <span class='ocr_line' id='line_1_28' title="bbox 918 1945 1743 1997; baseline -0.001 -9"><span class='ocrx_word' id='word_1_208' title='bbox 918 1945 953 1988; x_wconf 92' lang='lat' dir='ltr'><strong>B</strong></span> <span class='ocrx_word' id='word_1_209' title='bbox 975 1945 1000 1987; x_wconf 95' lang='lat' dir='ltr'>b</span> <span class='ocrx_word' id='word_1_210' title='bbox 1041 1959 1064 1984; x_wconf 90' lang='lat'><em>2</em></span> <span class='ocrx_word' id='word_1_211' title='bbox 1595 1947 1743 1997; x_wconf 85' lang='lat' dir='ltr'>modo,</span> 
     </span>
    </p>
   </div>
   <div class='ocr_carea' id='block_1_8' title="bbox 242 2117 733 2411">
    <p class='ocr_par' dir='ltr' id='par_1_8' title="bbox 244 2117 532 2160">
     <span class='ocr_line' id='line_1_29' title="bbox 244 2117 532 2160; baseline -0.003 -8"><span class='ocrx_word' id='word_1_212' title='bbox 244 2126 287 2156; x_wconf 78' lang='lat' dir='ltr'>a)</span> <span class='ocrx_word' id='word_1_213' title='bbox 339 2117 424 2151; x_wconf 77' lang='lat' dir='ltr'><strong>Tab.</strong></span> <span class='ocrx_word' id='word_1_214' title='bbox 453 2119 475 2152; x_wconf 88' lang='lat' dir='ltr'>l.</span> <span class='ocrx_word' id='word_1_215' title='bbox 504 2130 532 2160; x_wconf 84' lang='lat'>7.</span> 
     </span>
    </p>

    <p class='ocr_par' dir='ltr' id='par_1_9' title="bbox 244 2167 677 2262">
     <span class='ocr_line' id='line_1_30' title="bbox 244 2167 677 2214; baseline 0.007 -14"><span class='ocrx_word' id='word_1_216' title='bbox 244 2170 263 2200; x_wconf 77' lang='lat' dir='ltr'><em>b</em></span> <span class='ocrx_word' id='word_1_217' title='bbox 337 2167 419 2201; x_wconf 58' lang='grc' dir='ltr'>Τὼ,</span> <span class='ocrx_word' id='word_1_218' title='bbox 450 2168 499 2200; x_wconf 88' lang='lat' dir='ltr'>lV.</span> <span class='ocrx_word' id='word_1_219' title='bbox 529 2167 561 2201; x_wconf 79' lang='lat' dir='ltr'>F.</span> <span class='ocrx_word' id='word_1_220' title='bbox 590 2183 621 2214; x_wconf 87' lang='lat' dir='ltr'>y.</span> <span class='ocrx_word' id='word_1_221' title='bbox 649 2181 677 2206; x_wconf 83' lang='lat' dir='ltr'>z.</span> 
     </span>
     <span class='ocr_line' id='line_1_31' title="bbox 244 2218 665 2262; baseline 0 -12"><span class='ocrx_word' id='word_1_222' title='bbox 244 2229 283 2255; x_wconf 50' lang='grc' dir='ltr'>ι’»</span> <span class='ocrx_word' id='word_1_223' title='bbox 338 2218 420 2250; x_wconf 65' lang='lat' dir='ltr'>Tah.</span> <span class='ocrx_word' id='word_1_224' title='bbox 452 2218 492 2250; x_wconf 92' lang='lat' dir='ltr'>lV</span> <span class='ocrx_word' id='word_1_225' title='bbox 530 2228 547 2250; x_wconf 80' lang='lat'>2</span> <span class='ocrx_word' id='word_1_226' title='bbox 586 2230 613 2261; x_wconf 82' lang='lat'>3.</span> <span class='ocrx_word' id='word_1_227' title='bbox 640 2229 665 2262; x_wconf 87' lang='lat'>5.</span> 
     </span>
    </p>

    <p class='ocr_par' dir='ltr' id='par_1_10' title="bbox 247 2267 561 2300">
     <span class='ocr_line' id='line_1_32' title="bbox 247 2267 561 2300; baseline 0.003 -1"><span class='ocrx_word' id='word_1_228' title='bbox 247 2268 270 2299; x_wconf 88' lang='lat' dir='ltr'><em>d</em></span> <span class='ocrx_word' id='word_1_229' title='bbox 342 2267 425 2300; x_wconf 76' lang='lat' dir='ltr'>‘1··.1b.</span> <span class='ocrx_word' id='word_1_230' title='bbox 453 2268 506 2300; x_wconf 78' lang='lat' dir='ltr'>lv,</span> <span class='ocrx_word' id='word_1_231' title='bbox 533 2277 561 2300; x_wconf 81' lang='lat'>2.</span> 
     </span>
    </p>

    <p class='ocr_par' dir='ltr' id='par_1_11' title="bbox 244 2317 567 2357">
     <span class='ocr_line' id='line_1_33' title="bbox 244 2317 567 2357; baseline -0.003 -8"><span class='ocrx_word' id='word_1_232' title='bbox 244 2328 258 2349; x_wconf 85' lang='lat' dir='ltr'>e</span> <span class='ocrx_word' id='word_1_233' title='bbox 282 2332 285 2350; x_wconf 67' lang='grc' dir='ltr'><strong><em>ι</em></strong></span> <span class='ocrx_word' id='word_1_234' title='bbox 341 2317 414 2349; x_wconf 69' lang='lat' dir='ltr'>‘rab</span> <span class='ocrx_word' id='word_1_235' title='bbox 457 2318 509 2349; x_wconf 78' lang='lat' dir='ltr'>lV.</span> <span class='ocrx_word' id='word_1_236' title='bbox 538 2327 567 2357; x_wconf 79' lang='lat'>4.</span> 
     </span>
    </p>

    <p class='ocr_par' dir='ltr' id='par_1_12' title="bbox 242 2365 733 2411">
     <span class='ocr_line' id='line_1_34' title="bbox 242 2365 733 2411; baseline -0.002 -11"><span class='ocrx_word' id='word_1_237' title='bbox 242 2366 289 2411; x_wconf 86' lang='lat' dir='ltr'>f)</span> <span class='ocrx_word' id='word_1_238' title='bbox 341 2366 422 2400; x_wconf 67' lang='lat' dir='ltr'>Tab.</span> <span class='ocrx_word' id='word_1_239' title='bbox 451 2367 502 2399; x_wconf 78' lang='lat' dir='ltr'>lv.</span> <span class='ocrx_word' id='word_1_240' title='bbox 535 2376 565 2407; x_wconf 72' lang='lat'>4.</span> <span class='ocrx_word' id='word_1_241' title='bbox 592 2375 623 2406; x_wconf 77' lang='grc'>4.</span> <span class='ocrx_word' id='word_1_242' title='bbox 650 2375 675 2409; x_wconf 88' lang='lat'>5.</span> <span class='ocrx_word' id='word_1_243' title='bbox 701 2365 733 2399; x_wconf 91' lang='lat'>6.</span> 
     </span>
    </p>
   </div>
  </div>
 </body>
</html>
