1971 2672
733 171 1262 227 ·---(253)Ξ

213 293 406 343 cremera,
443 291 492 332 ad
528 289 805 344 permutanda
840 287 1080 341 duplicata,
1133 286 1352 338 miseram,
1397 289 1594 342 acquifiui
1631 288 1815 332 Bisontis

210 357 458 401 Americani
495 355 709 406 cranium,
745 363 842 394 cute
877 352 1069 393 similiter
1103 361 1327 399 ornatum;
1380 363 1692 396 maceraueram
1727 367 1818 396 am-

213 423 296 473 bo,
349 432 394 462 vt
440 421 639 474 depurata
683 417 880 460 conferre
925 418 1089 471 possem
1135 429 1232 457 cum
1284 416 1591 458 accuratiffimis
1635 418 1816 472 figuris,

214 500 316 540 quas
355 487 406 527 de
442 486 525 527 hoc
564 483 685 526 foniti
721 483 890 536 crauio,
944 481 1312 536 quemadmodum
1358 480 1487 520 etiam
1523 483 1575 520 de
1613 483 1720 532 Vro⁴
1745 484 1818 524 dc-

216 551 331 593 disti.

408 674 731 724 Animaduerti,
768 682 934 727 praeter
971 673 1328 727 descriptionem,
1365 673 1407 714 in
1444 673 1688 715 vniuersum
1733 675 1821 716 fos-

213 744 272 786 fili
311 743 453 784 cranio
490 751 533 782 et
567 738 727 780 recenti
763 736 925 778 Bisonti
964 738 1324 789 conuenientem,
1361 737 1611 790 lacrymales
1649 739 1692 778 in
1729 740 1822 779 offi-

215 809 292 849 bus
329 807 479 861 vnguis
516 804 691 853 foueas,
747 815 849 856 quas
887 802 1075 843 Bubalus
1113 803 1298 857 capeusis
1336 803 1516 842 omnino
1554 815 1640 842 non
1679 803 1820 844 habet.

213 873 348 914 Frons
385 870 468 926 ipsa
494 867 698 925 Bisontis,
733 876 776 906 et
814 879 1024 907 cornuum
1062 866 1177 907 bases
1214 867 1383 920 insuper
1418 865 1678 919 respondent
1712 868 1820 908 adeo

213 937 357 978 exacte
392 932 588 974 iconibus
619 931 726 983 tuis,
761 940 807 971 vt
850 943 985 972 ouum
1021 945 1110 972 ouo
1146 931 1322 972 similius
1358 930 1437 972 esse
1475 931 1678 985 nequeat!
1716 931 1821 972 Fos-

214 1001 282 1042 file
320 999 507 1040 cranium
545 1005 686 1036 tamen
723 995 862 1037 minus
899 996 1057 1050 grande
1094 994 1151 1036 est
1186 996 1377 1046 recenti,
1415 995 1531 1049 quod
1569 995 1723 1036 iterum
1754 1009 1822 1037 ca-

213 1063 326 1120 penfi
364 1062 500 1103 multo
537 1061 674 1100 miuus
711 1059 780 1100 est.
851 1060 1010 1102 Nullus
1049 1060 1225 1112 dubito,
1280 1061 1380 1113 quin
1419 1059 1661 1114 specimen,
1715 1060 1819 1100 mihi

214 1129 481 1178 concessum,
516 1124 651 1180 ipsum
688 1125 731 1165 id
760 1123 962 1165 'siccatum
986 1124 1170 1166 Bisontis
1208 1134 1334 1179 caput
1369 1124 1441 1175 fit,
1482 1124 1598 1177 quod
1635 1123 1743 1165 olim
1778 1125 1820 1164 in

213 1192 366 1233 Museo
403 1190 666 1232 Brittannico
702 1202 724 1230 a
759 1185 828 1231 Te
865 1189 1001 1230 visum
1031 1203 1077 1244 p.
1119 1191 1226 1228 601.
1263 1189 1322 1229 ib.
1359 1188 1617 1229 memorasti.

405 1344 593 1386 Mirabar
629 1342 695 1384 111.
732 1340 1015 1384 Pennantium
1052 1343 1153 1398 Hzst.
1190 1341 1238 1398 of
1262 1341 1475 1404 Quadrup.
1509 1350 1553 1397 p.
1596 1357 1668 1395 27.
1705 1344 1822 1386 adse-

212 1418 455 1462 verantem,
492 1408 562 1449 Te
599 1420 686 1448 non
722 1407 773 1448 de
812 1407 1043 1459 foslilibus,
1092 1408 1160 1449 sed
1198 1407 1249 1448 de
1285 1407 1530 1448 recentibus
1567 1409 1694 1462 egisse
1731 1422 1821 1449 cra-

214 1475 322 1525 niis,
375 1474 496 1528 super
539 1472 720 1524 glaciem
764 1485 820 1512 ex
862 1471 1065 1512 America
1109 1472 1269 1518 allatis;
1325 1484 1459 1524 quum
1503 1473 1728 1514 euidenter
1762 1485 1819 1513 ex

215 1547 310 1578 toto
346 1547 494 1577 tenore
530 1535 692 1576 constet
727 1533 796 1575 Te
836 1533 982 1576 fossilia
1017 1535 1104 1577 sola
1139 1535 1382 1577 collineass'e
1419 1535 1528 1589 (⁴²).

407 1691 577 1733 Praeter
611 1690 902 1743 lacrymalium
941 1691 1190 1745 fouearum,
1239 1701 1283 1732 et
1317 1704 1526 1733 cornuum
1566 1690 1819 1732 dissimilitu-

217 1757 357 1798 dinem
394 1757 436 1797 in
474 1755 651 1810 Capenfi
686 1755 878 1810 Bubalo,
930 1756 1151 1797 obseruaui
1189 1757 1509 1812 complementa
1545 1756 1694 1798 ostium
1733 1769 1820 1795 ma—

1020 1821 1070 1861 li
1109 1834 1132 1870 3
1657 1819 1819 1860 xiilnri-

264 1967 338 2016 (“)
376 1970 491 2003 Crania
517 1980 534 2001 a
559 1981 612 2003 me
639 1966 791 2017 descripta
819 1971 848 2003 in
878 1968 971 2016 plaga
996 1970 1111 2004 arc‘iica
1138 1972 1219 2004 circa
1248 1968 1327 2004 ossia
1354 1968 1443 2004 fluuii
1473 1970 1546 2010 Ob,
1574 1966 1687 2015 passim
1716 1969 1746 2001 in
1774 1963 1820 2001 su-

415 2031 546 2079 perficie
571 2041 670 2066 terrae
695 2043 819 2080 reperta
847 2030 938 2075 sunt,
965 2044 995 2068 et
1022 2036 1161 2068 omnino
1189 2035 1349 2076 recentia,
1388 2046 1446 2067 nec
1475 2029 1616 2072 suffitia,
1649 2031 1686 2064 ab
1713 2040 1819 2064 atmo-

417 2092 563 2142 sphaerae
589 2105 694 2131 tamen
725 2097 952 2132 variationibus
986 2108 1135 2145 corrupta
1164 2107 1195 2131 et
1219 2093 1362 2137 cariosa,
1401 2094 1597 2129 videbantur.
1648 2094 1735 2128 Mihi
1767 2095 1819 2126 im-

417 2170 479 2204 que
507 2160 643 2192 omnino
672 2159 859 2195 verosimile
887 2157 987 2194 visum
1015 2159 1079 2201 ess,
1117 2157 1284 2194 Bisontum
1319 2160 1578 2192 americanorum
1605 2155 1759 2191 cadauera
1785 2157 1820 2190 in

417 2234 575 2256 oceanum
606 2222 758 2257 arciieum
790 2221 859 2256 casu
897 2220 1021 2265 delata,
1061 2237 1134 2257 cum
1167 2222 1268 2269 glacie
1303 2220 1354 2256 vel
1388 2230 1418 2253 et
1453 2219 1600 2254 iiueiibus
1625 2217 1663 2253 ad
1697 2217 1820 2253 nostras

417 2296 487 2318 oras
514 2281 686 2330 adpuliffe,
714 2285 766 2320 vbi
790 2282 884 2321 sat-ne
911 2282 992 2320 serae
1017 2284 1119 2332 longe
1146 2297 1162 2317 ,ι
1188 2284 1297 2317 imore
1329 2283 1475 2316 cranium
1501 2291 1532 2315 et
1557 2277 1622 2317 offa
1648 2278 1819 2315 distraxiss'e

416 2344 533 2383 credas.
581 2345 709 2384 Pallas.
