1971 2672
723 169 876 199 ΕΞ
911 157 1064 213 (258)
1099 167 1252 198 -----·-*.,;’.

388 265 493 316 De·
517 265 748 318 dentibus
781 266 1053 339 molaribus
1088 267 1580 334 Hippopotamorum

800 343 1160 396 giganteorum.

316 423 318 426 ’
376 430 490 487 §.4
559 432 608 473 In
645 433 802 474 eodem
838 433 985 475 museo
1022 434 1071 475 ad
1109 435 1298 476 amuffim
1335 435 1547 476 delineaui
1580 436 1789 479 molarem

183 492 364 533 dentem.
408 495 599 537 medium
653 497 971 552 Hippopotami
1026 500 1250 553 gigantei„
1308 500 1380 554 qui
1428 500 1595 554 superat
1645 511 1792 554 quater

180 552 416 600 maximum
452 562 574 602 illum
611 563 819 604 molarem
858 563 1175 617 Hippopotami
1214 565 1336 605 cuius
1372 564 1551 618 figuram
1586 578 1696 606 ame
1718 566 1792 606 de-

179 621 376 664 lineatam
415 625 657 681 descripfisti
693 626 807 668 Tab.
832 627 959 669 VIII.
996 628 1092 669 Ast.
1114 629 1252 671 Acad.
1289 628 1399 684 Imp.
1432 629 1593 672 Scient.
1614 629 1788 685 Petrop.

178 685 315 727 Tom.
352 687 386 729 I.
423 689 469 731 P.
507 690 563 733 II.
599 705 642 746 p.
683 704 791 744 214.

518 812 598 864 De
639 813 837 865 Alcibus
877 815 1116 880 giganteis
1163 815 1444 868 Hiberniae.

373 911 408 966 ς.
449 924 491 962 5.
560 914 678 956 Inter
728 917 925 971 gigantea
977 918 1116 958 crania
1171 920 1430 960 numeranda
1475 933 1650 973 quoque
1697 918 1792 960 sunt

175 974 248 1017 illa
294 974 574 1031 Ceruorum.,
634 979 706 1021 seu
758 981 938 1023 Alcium
989 982 1051 1022 vti
1088 983 1354 1036 appellantur
1388 984 1431 1023 in
1468 984 1675 1026 Hibernia
1712 984 1793 1024 ob-

175 1041 278 1093 via,
332 1043 452 1084 cuius
508 1044 696 1086 notabile
742 1047 991 1100 exemplum
1040 1047 1197 1099 prostat
1231 1048 1273 1087 in
1328 1048 1627 1102 Archaeolog.
1680 1049 1787 1089 Brit.

177 1105 314 1146 Tom.
337 1107 417 1148 VI.
453 1108 573 1150 Anni
597 1119 732 1162 1735.
773 1111 892 1152 Nob.
913 1110 970 1152 D.
991 1108 1114 1164 Percy
1140 1113 1346 1165 egregium
1371 1113 1414 1153 id
1444 1114 1633 1154 cranium
1662 1114 1788 1153 emit:

179 1170 368 1212 distantia
402 1172 513 1214 inter
549 1184 769 1216 extremos
805 1176 947 1231 apices
984 1189 1196 1217 cornuum
1231 1187 1320 1217 erat
1361 1191 1417 1228 14
1438 1179 1535 1232 ped.
1570 1176 1790 1229 ct4poll.

176 1235 380 1276 Latitudo
435 1237 587 1279 frontis
644 1252 694 1277 11
737 1240 844 1294 poll.
891 1253 988 1281 cum
1024 1241 1063 1286 ἑ.
1101 1250 1185 1282 etc.
1256 1239 1352 1282 Cel.
1389 1241 1565 1283 Pennant
1598 1250 1788 1282 meretur

180 1299 251 1352 qui
287 1300 410 1355 super
444 1303 510 1343 his
547 1303 806 1356 consulatur,
842 1305 948 1345 Hist.
986 1304 1043 1343 of
1071 1306 1218 1359 quadr.
1255 1319 1297 1357 p.
1334 1315 1411 1355 98.

372 1428 464 1483 Ipse
500 1431 690 1484 poffideo
727 1432 813 1472 duo
852 1431 1097 1484 specimina,
1135 1431 1227 1471 satis
1263 1432 1478 1483 integrum
1512 1444 1644 1472 vnum
1668 1462 1681 1483 .,
1719 1431 1787 1472 sed

177 1491 283 1532 adeo
320 1493 534 1534 diuersum
570 1509 592 1535 a
627 1496 870 1536 recentibus
908 1495 1108 1545 Altibus,
1153 1505 1199 1533 vt
1234 1495 1374 1534 nullus
1413 1495 1638 1544 dubitem,
1688 1497 1789 1547 quin

176 1556 409 1598 extinctum
448 1558 494 1598 fit
530 1572 683 1613 genus,
722 1560 1089 1615 quemadmodum
1125 1559 1254 1599 etiam
1292 1556 1387 1600 Cel.
1426 1556 1569 1610 Percy,
1607 1572 1652 1599 ac
1689 1557 1791 1599 Pen-

175 1622 307 1661 nantl'o
344 1623 479 1664 visum
517 1624 610 1664 fuit.

372 1753 514 1807 Magis
553 1754 748 1795 audacter
791 1753 1075 1795 diuersitatem
1119 1751 1229 1792 inter
1265 1760 1493 1802 recentes,
1545 1758 1587 1791 et
1631 1750 1785 1791 fossiles

176 1813 310 1855 Alces
356 1818 578 1859 adfirmare
623 1820 794 1870 audeo,
850 1833 936 1859 non
983 1818 1114 1858 modo
1150 1815 1206 1856 ob
1244 1828 1453 1856 cornuum
1492 1815 1792 1855 diffimilitudi-

177 1891 294 1930 nem,
332 1879 401 1921 sed
439 1891 481 1922 et
517 1882 573 1922 ob
610 1884 858 1925 varietatem
895 1883 1027 1923 totius
1065 1880 1298 1935 compagis.
1368 1880 1474 1921 Eius
1511 1880 1671 1920 interea
1708 1880 1790 1920 hu-

177 1945 391 1985 manitatis
438 1946 518 1986 suit
553 1947 849 1988 Nobiliffimus
885 1947 943 1988 D.
977 1945 1165 1996 Soehlm,
1214 1955 1262 1985 vt
1296 1958 1352 1985 ex
1386 1944 1612 1986 Lithuania
1647 1944 1788 1985 adhuc

176 2008 338 2049 miserit
385 2011 632 2064 perelegans
671 2014 861 2054 cranium
899 2024 997 2053 cum
1042 2009 1246 2051 cornibus
1284 2010 1440 2061 Alcis,
1496 2009 1644 2061 quod,
1687 2009 1791 2049 licet

176 2073 357 2114 iunioris
403 2076 612 2128 animalis,
660 2077 826 2130 longius
865 2086 1005 2118 tamen
1041 2075 1098 2116 est
1133 2075 1251 2115 follili
1275 2105 1288 2127 7
1325 2084 1369 2115 et
1405 2073 1538 2126 magis
1575 2083 1788 2114 tenerum.

176 2136 327 2178 Foffile
364 2141 478 2180 enim
516 2141 573 2181 est
606 2141 757 2193 latius,
793 2142 1030 2191 robustius,
1067 2149 1111 2180 et
1145 2140 1287 2182 annofi
1322 2147 1541 2194 practerea
1577 2138 1787 2180 animalis.

179 2199 353 2244 Cornua
389 2205 635 2247 terribiliter
671 2208 834 2263 ampla⁷
872 2216 913 2247 et
948 2204 1085 2246 densa.

1694 2329 1784 2373 Na-
