1971 2672
737 164 890 178 -
925 148 1083 205 (268)
1116 162 1268 178 .-

191 263 244 305 ad
288 262 478 304 exac'tam
521 270 663 305 motus
708 263 799 306 eius
842 263 1173 317 cognitionem,
1222 271 1271 304 vt
1305 260 1505 302 occursus
1541 262 1664 317 ipsius
1701 275 1798 305 cum

194 328 295 371 Sole
340 328 530 382 praedici
573 329 751 384 possent.
820 328 938 370 Ante
975 327 1309 383 telescopiorum
1344 327 1641 369 inuentionem
1678 329 1804 369 theo-

191 394 297 435 riam
334 394 460 435 huius
495 393 689 448 planetae
725 406 920 435 mancam
956 402 999 433 et
1033 393 1323 448 imperfectam
1362 391 1479 432 fuiffe
1516 390 1639 432 facile
1665 403 1801 446 patet3

192 459 284 499 imo
322 458 565 501 nouiffimae
601 472 647 499 ac
684 458 887 500 meliores
925 466 1126 499 motuum
1163 459 1254 499 eius
1291 456 1457 498 tabulae
1488 456 1705 497 nonnullis
1732 457 1803 497 ad-

193 523 279 564 huc
317 522 549 564 defectibus
586 522 798 576 laborant,
836 523 954 578 quod
989 522 1075 577 ipsa
1111 523 1215 564 haec
1251 522 1496 563 obseruatio
1533 521 1626 562 satis
1663 520 1804 575 super-

196 601 278 643 que
324 588 512 629 testatur:
558 601 655 629 nam
689 588 894 642 ingressus
930 587 1123 642 planetae
1160 589 1204 628 in
1239 586 1374 628 solem
1411 596 1454 627 et
1489 586 1673 640 egreffus
1711 585 1804 640 plus

195 665 323 707 quam
360 653 491 694 tribus
531 653 835 708 quadrantibus
872 652 1003 694 horae
1040 667 1061 693 a
1097 654 1270 695 calculis
1307 652 1620 693 Astronomicis
1659 651 1807 691 diffen-

194 719 328 766 tiunt3
374 730 452 758 nec
488 718 644 758 mirum
682 718 762 770 est,
817 718 916 772 quia
950 717 1175 771 hucusque
1223 730 1376 772 paucas
1414 730 1480 758 cas
1520 730 1601 770 que
1639 716 1807 756 incom-

192 783 328 836 pletas
384 781 706 822 obseruationes
760 783 951 823 transitus
1004 782 1214 822 Mercurii
1261 783 1369 823 circa
1406 782 1568 822 nodum
1606 780 1695 821 eius
1734 781 1808 821 de-

193 845 468 886 scendentem
504 855 547 886 et
581 859 718 900 prope
754 845 996 900 Aphelium
1042 846 1245 886 versantis
1267 875 1281 898 ,
1332 847 1519 888 Vraniae
1565 845 1805 887 cultoribus

192 910 407 951 instituere
458 907 596 950 licuit.
682 910 798 951 Hinc
852 910 1064 951 elementa
1108 919 1308 951 motuum
1354 912 1444 951 eius
1480 912 1677 965 indigent
1713 923 1809 951 cor-

192 976 400 1029 rectione,
439 988 545 1029 quae
581 988 637 1017 ex
672 975 1042 1017 obseruationibus
1078 975 1218 1016 vltimi
1255 976 1380 1017 huius
1410 976 1600 1016 transitus
1623 975 1809 1016 obtineri

191 1041 344 1095 potest.
412 1040 592 1082 Vtinam
628 1040 764 1082 nostra
801 1041 901 1082 huic
938 1041 1134 1096 negotio,
1171 1041 1332 1096 aliquid
1368 1040 1561 1082 Vtilitatis
1599 1040 1807 1082 conferat.

390 1169 642 1225 Tempestas
680 1171 967 1212 obseruationi
1003 1171 1240 1213 admodum
1276 1171 1466 1224 fauebat,
1510 1171 1582 1212 nisi
1620 1169 1808 1224 excipias

192 1233 520 1276 vndulationem
554 1236 677 1276 limbi
712 1236 875 1289 solaris,
913 1250 1020 1291 quae
1055 1237 1302 1292 praesertim
1339 1238 1449 1278 circa
1475 1237 1702 1277 introitum
1731 1247 1812 1274 no-

194 1299 336 1340 tabilis
373 1309 475 1341 erat.
543 1300 724 1342 Motum
758 1302 960 1355 penduli,
996 1302 1044 1341 ad
1084 1303 1201 1355 quod
1238 1312 1460 1342 momenta
1495 1302 1651 1355 signata
1687 1299 1809 1350 sunt,

193 1375 271 1417 per
306 1364 551 1404 altitudines
587 1363 685 1404 solis
725 1365 1109 1417 correspondentes
1146 1364 1296 1403 diebus
1336 1376 1380 1415 3.,
1418 1379 1462 1415 4,
1501 1375 1521 1412 5
1563 1374 1605 1404 et
1644 1366 1672 1401 6
1699 1363 1809 1403 Maii

195 1435 337 1480 captas
388 1427 498 1468 bene
550 1428 821 1482 exploratum
874 1429 1028 1475 habui3
1082 1437 1210 1481 atque
1264 1437 1348 1468 tam
1402 1428 1631 1480 ingressum
1681 1439 1809 1480 quam

195 1491 405 1545 egressum
456 1492 650 1545 planetae
688 1493 923 1547 telcscopio
961 1491 1131 1532 Schorti
1168 1491 1408 1543 catoptrico
1449 1492 1498 1536 εξ
1534 1492 1692 1543 pedum
1731 1490 1811 1530 ob-

193 1555 371 1597 seruaui.
440 1556 720 1598 Illucescente
758 1558 825 1598 die
871 1556 1182 1598 obseruationis
1239 1554 1398 1596 limbus
1449 1554 1563 1597 Solis
1618 1554 1813 1608 supetior

195 1635 247 1676 ad
284 1635 561 1676 horizontem
599 1636 764 1690 appulit
894 1658 914 1668 -
1045 1657 1066 1667 ·-
1195 1656 1216 1665 -
1353 1655 1374 1664 -
1498 1656 1520 1666 -
1632 1627 1692 1683 3²⁷.
1718 1628 1808 1682 53².

194 1711 342 1754 Totus
380 1712 514 1754 discus
552 1714 745 1768 apparuit
828 1736 849 1745 -
947 1735 969 1746 -
1064 1734 1086 1744 -
1183 1732 1206 1742 ·
1302 1733 1322 1742 -
1419 1733 1440 1742 -
1537 1733 1557 1742 -
1634 1723 1675 1759 3.
1714 1719 1788 1759 58.

195 1807 449 1863 Principalia
486 1820 705 1852 momenta
743 1810 1034 1852 memorabilis
1071 1809 1197 1850 huius
1232 1807 1524 1863 phaenomeni
1561 1807 1807 1862 sequentem

195 1873 240 1914 in
274 1875 457 1916 modum
493 1889 514 1917 a
550 1889 619 1918 me
656 1887 800 1918 notata
835 1876 943 1917 sunt.

652 2006 701 2048 In
737 2006 938 2062 Ingrefl‘u.
1453 2003 1617 2057 Temp.
1655 2014 1776 2043 vcro.

197 2077 432 2123 contaetus
469 2082 630 2136 primus
667 2084 750 2125 fine
787 2093 989 2124 externus
1122 2104 1142 2113 -
1289 2103 1311 2114 -
1477 2074 1537 2130 5²³.
1598 2076 1657 2118 0².
1715 2073 1779 2117 σθ

199 2144 431 2187 contaetus
470 2147 676 2189 secundus
715 2150 783 2188 seu
823 2149 1013 2189 internus
1145 2169 1164 2176 -
1296 2169 1316 2178 ·
1484 2156 1525 2195 5·
1604 2156 1646 2193 3·
1688 2155 1740 2193 13

196 2208 326 2252 Vnde
363 2222 558 2254 centrum
596 2214 804 2258 Mercurii
840 2215 883 2255 in
918 2211 1056 2254 limbo
1093 2210 1206 2256 Solis
1304 2235 1327 2244 -
1488 2223 1530 2261 5.
1605 2222 1645 2250 1.
1682 2210 1759 2260 393

1756 2325 1806 2367 In
