1971 2672
720 176 872 192 —
905 160 1059 216 (263)
1092 175 1246 190 ———

175 280 327 341 procul
364 276 495 322 dnbio
531 276 631 328 ille,
667 277 786 317 cuius
824 287 1030 317 commun
1065 272 1124 316 N.
1164 272 1347 314 Creu-lus
1385 274 1619 328 descripm⁷
1655 283 1782 327 atque

174 345 501 402 repraesentauit
537 355 558 384 a
592 354 708 396 par-e
740 340 956 396 superiore
993 338 1106 379 Tab.
1151 351 1220 388 19.
1258 349 1414 377 nomen
1452 339 1525 391 ipsi
1550 340 1651 379 dans
1682 339 1787 379 den-

176 413 227 452 tis
265 409 474 452 Animalis
512 407 675 448 marini.
744 403 796 445 R.
821 403 986 453 Waller,
1026 404 1095 456 qui
1119 400 1266 455 Opera
1287 401 1544 441 Immortalis
1569 401 1619 442 R.
1641 401 1785 442 llookii

173 475 397 531 posthuma
442 471 602 523 edidit,
656 470 768 511 hunc
805 469 990 510 eundem
1029 469 1202 508 dentem
1241 465 1353 506 Tab.
1392 464 1450 506 V.
1487 479 1528 517 p.
1568 476 1671 514 255.
1708 479 1785 507 cx-

175 540 342 595 plicuit,
381 547 581 591 tanquam
617 535 667 576 ad
704 533 950 584 Balaenam,
985 543 1055 572 aut
1091 530 1382 585 Eleplmntum
1417 528 1717 583 pertinentem.

372 645 477 686 Vidi
514 655 599 684 non
637 642 772 681 modo
808 641 999 693 fitepiu5‚
1035 638 1132 688 sed,
1167 638 1227 677 vti
1266 637 1445 688 monui,
1481 637 1781 677 accuratiffime

178 711 425 760 detineant,
477 703 783 756 obseruavique
827 702 905 742 effe
938 702 1117 742 fimilem
1155 701 1410 742 mamonteis
1433 731 1445 752 ‚
1501 700 1568 740 sed
1606 699 1784 740 iunioris

178 774 388 824 animalis,
425 772 542 812 cuius
580 767 762 808 molares
798 767 962 807 radices
1000 766 1192 806 nondum
1214 775 1401 819 egerant.
1472 764 1519 804 ln
1545 763 1788 818 fragmento

179 838 376 879 maxillae
429 832 654 888 superioris
708 831 827 872 cuius
873 843 1200 884 monogramma
1235 830 1413 880 addidi,
1467 829 1571 869 dens
1610 828 1785 868 molaris

178 904 329 944 dexter
380 899 564 941 anterior
615 896 794 936 eandem
846 894 974 936 habet
1027 893 1193 935 faciem.
1262 894 1415 948 Nuper
1457 894 1500 933 in
1536 892 1783 948 Burgundia

177 966 320 1008 fimilis
356 972 547 1018 repertus
585 959 654 1000 est.

371 1070 420 1111 Id
456 1078 598 1110 autem
634 1067 675 1108 in
714 1067 949 1122 omnibus,
993 1067 1150 1108 etiamsi
1188 1065 1435 1120 longissimis
1472 1065 1684 1107 radicibus
1721 1063 1785 1103 in-

176 1137 365 1186 structis,
402 1146 551 1175 verum
587 1132 884 1187 deprehendi,
943 1132 1059 1187 quod
1096 1132 1208 1172 intus
1245 1131 1335 1171 caui
1373 1131 1478 1171 fint:
1532 1139 1786 1183 generantur

176 1203 306 1255 igitur
358 1200 681 1246 humanorum,
735 1209 820 1237 non
874 1194 1218 1251 Elephantorum
1265 1195 1493 1236 molarium
1530 1195 1666 1235 instar.
1737 1192 1782 1232 ln

178 1266 244 1306 his
282 1264 422 1313 enim,
457 1275 512 1302 ex
549 1261 693 1301 multis
730 1260 930 1312 lamellis,
966 1261 1039 1301 fibi
1076 1260 1295 1314 applicatis
1334 1260 1437 1300 dens
1478 1260 1684 1299 formatur
1720 1257 1786 1296 so-

178 1330 306 1379 lidus,
342 1328 383 1367 in
421 1337 600 1380 quarum
638 1324 887 1366 meditulliis
925 1325 1056 1364 crusta
1091 1325 1224 1364 vitrea
1246 1325 1465 1364 recondita
1492 1323 1562 1363 cst.
1632 1322 1677 1362 ln
1702 1322 1783 1361 illis

177 1394 364 1447 primum
410 1401 594 1431 coronae
641 1387 772 1428 crusta
815 1388 950 1428 vitrea
993 1388 1161 1438 oritur,
1215 1388 1311 1427 dein
1348 1387 1541 1428 radicum
1577 1385 1785 1439 principia

178 1454 409 1497 awulatim
431 1484 443 1503 .,
499 1465 684 1506 quorum
728 1465 829 1492 caua
872 1451 1106 1506 implentur
1140 1451 1359 1493 substantia
1394 1451 1534 1492 minus
1572 1452 1674 1491 dura
1708 1461 1785 1503 pc-

180 1519 385 1559 detentim
422 1515 623 1570 depofita.

372 1624 605 1665 Praeterire
641 1625 799 1664 interea
835 1636 1004 1678 nequeo
1040 1637 1093 1666 ex
1124 1623 1332 1666 Dentium
1370 1625 1580 1666 molarum
1619 1622 1782 1676 magni-

180 1690 323 1731 tudine
362 1703 407 1730 ac
446 1689 559 1729 mole
595 1688 940 1729 concludendum
979 1702 1063 1729 non
1101 1689 1180 1729 effe
1216 1691 1264 1730 ad
1304 1689 1433 1743 ipsam
1471 1688 1661 1730 animalis
1694 1700 1784 1727 ma-

180 1754 472 1809 gnitudinem,
519 1763 588 1794 aut
623 1753 799 1793 molem.
868 1752 1031 1794 Dentes
1068 1754 1181 1793 enim
1220 1755 1259 1794 in
1297 1753 1524 1803 omnibus,
1565 1760 1783 1807 quotquot

183 1818 300 1868 noui,
342 1817 591 1858 animalibus
627 1818 834 1858 rationem
873 1818 993 1858 nullo
1029 1819 1164 1859 modo
1200 1819 1357 1859 habent
1391 1818 1441 1858 ad
1480 1819 1673 1871 corporis
1711 1829 1783 1855 xa-

180 1883 376 1931 stitatem,
411 1880 480 1921 sed
516 1882 565 1922 ad
602 1891 789 1923 naturam
826 1882 1146 1933 alimentorum,
1184 1895 1289 1935 quae
1310 1883 1521 1936 vsurpant.
1592 1881 1779 1933 Elephas

183 1947 366 1986 molares
403 1946 588 1999 decuplo
623 1948 803 1988 maiores
842 1947 969 1987 habet
1005 1947 1314 1988 Rhinocerote.
1355 1946 1462 1987 sorte
1493 1946 1633 1986 decies
1659 1945 1783 1995 quiz:-

184 2012 300 2063 quies
357 2011 572 2060 maiores,
623 2011 723 2051 licet
777 2011 962 2063 decuplo
1007 2012 1139 2051 maius
1187 2025 1271 2051 non
1309 2011 1355 2050 sit
1391 2010 1558 2051 animal.
1628 2008 1778 2061 Equus

182 2086 438 2127 quamquam
477 2075 614 2115 minor
650 2074 1017 2129 Camelopardali,
1054 2077 1201 2115 dentes
1239 2077 1422 2116 maiores
1460 2074 1601 2115 habet.
1670 2072 1777 2126 Apri

182 2138 410 2191 aethiopici
449 2137 634 2179 similiter
667 2140 859 2194 ingentes
897 2139 1054 2180 liabent
1089 2140 1299 2190 molum,
1334 2140 1491 2180 etiamsi
1530 2137 1777 2178 nostratibus

181 2202 372 2254 aequale,
408 2202 543 2245 immo
578 2205 716 2246 minus
752 2203 933 2246 habeant
967 2217 1139 2258 corpus.
1209 2204 1277 2244 De
1313 2204 1488 2244 exlertis
1524 2203 1640 2244 idern
1676 2214 1779 2258 pro-

179 2267 474 2307 nuntiandum.

1726 2329 1774 2370 In
