1971 2672
690 202 844 214 --
877 186 1032 240 (227)
1066 216 1217 224 -———

150 304 269 358 supra
313 299 560 355 argillosum
610 297 807 348 stratum,
859 312 934 352 per
978 309 1113 340 totam
1157 298 1402 352 planitiem,
1455 305 1494 345 in
1534 319 1614 361 qna
1649 309 1750 350 vrbs

148 368 206 408 est
240 367 436 417 condita,
470 362 714 413 extensum,
753 363 946 416 paludosi
983 363 1209 418 supciioris
1250 364 1321 406 soli
1362 366 1499 409 (udor.

342 505 462 546 Haec
500 516 606 558 aqua
646 515 684 541 1.
721 501 884 543 coloris
922 503 978 543 est
1012 503 1254 544 lucescentis
1295 505 1485 556 turbida,
1539 510 1671 550 odore
1709 521 1751 552 ct

148 569 296 622 sapore
335 568 552 615 nauseosa;
591 567 732 620 quiete
768 568 912 607 euadit
949 567 1514 610 foetidiorctscdimcntum
1553 575 1750 615 mucoso-

149 642 336 673 terreum
375 633 578 687 deponit,
622 631 705 670 line
742 631 1008 684 limpiditatis
1044 633 1330 673 incremento.
1402 634 1551 676 Calida
1589 646 1750 692 tempe-

150 696 248 736 state
286 697 413 738 ctiam
447 694 706 737 vermiculos
743 704 932 746 generat.

347 852 386 878 2.
423 838 464 880 A
501 836 710 879 solutione
755 835 845 877 salis
886 837 1052 889 tamaii,
1106 838 1260 881 sacliaii
1297 839 1475 894 saturni,
1510 851 1553 882 ct
1587 845 1750 898 argenti

149 903 316 944 tulbida
352 902 494 943 euadit
528 912 570 942 et
605 900 929 973 praecipitatum
965 902 1142 956 praebet
1172 904 1631 949 ciner11cc11s.Cum
1668 909 1751 949 tin..

147 967 259 1009 &ura
293 967 498 1022 gall-irum
536 964 740 1006 fulcescit.

343 1119 383 1155 3.
420 1105 714 1148 Destillatione
751 1105 885 1160 prima
920 1107 1073 1161 aquula
1109 1109 1343 1150 admodum
1380 1110 1546 1152 foetido
1581 1113 1744 1154 volatili

146 1168 282 1209 odore
328 1171 515 1224 praedita
558 1170 629 1211 est.
716 1170 940 1225 Supposita
981 1172 1157 1214 tinctura
1210 1174 1471 1230 Heliotropii
1522 1177 1746 1219 euidenter

145 1233 340 1274 rubescit.

336 1375 378 1412 4.
434 1361 663 1401 Rcsiduum
709 1360 1015 1416 quinquaginta
1058 1362 1259 1405 librarum
1305 1376 1556 1420 euaporatae
1609 1381 1741 1423 aquae

139 1425 258 1478 putei
295 1425 336 1465 in
374 1424 512 1465 Insula
547 1424 686 1465 Bafilii
724 1425 915 1476 cellatis,
963 1427 1127 1467 haustae
1164 1430 1305 1470 mense
1341 1430 1479 1486 Iulio,
1530 1432 1743 1475 referebat

141 1501 308 1541 magma
345 1487 506 1528 fuscum
542 1498 586 1528 et
620 1489 851 1529 curiosiore
888 1490 1040 1541 analyfi
1075 1493 1286 1545 praebuit.

206 1627 245 1653 α.
284 1623 415 1654 terrac
451 1613 662 1655 calcareae
700 1624 891 1656 centrum
929 1630 1026 1658 cum
1067 1631 1122 1658 10
1158 1633 1299 1674 grana.

206 1709 243 1748 b.
283 1720 414 1750 terrac
452 1709 670 1763 argillosae
707 1710 949 1764 quindecim
986 1726 1126 1767 grana.

205 1819 238 1845 c.
279 1805 368 1846 salis
407 1805 608 1847 mirabilis
648 1805 850 1849 Glauberi
885 1808 1035 1862 viginti
1073 1811 1170 1851 octo
1206 1823 1346 1864 grana.

202 1901 242 1940 d.
282 1900 371 1941 salis
409 1902 647 1942 communis
685 1912 856 1944 centum
892 1914 935 1945 et
971 1905 1247 1959 quadraginta
1283 1907 1369 1949 duo
1405 1921 1546 1962 grana.

205 2008 238 2036 e.
275 1997 447 2037 extracti
493 1997 782 2052 mucilaginofi
828 2000 1070 2054 nigricantis
1116 2002 1210 2042 ficci
1255 2004 1303 2043 ad
1351 2014 1535 2047 trecenta
1586 2019 1735 2060 grana;

334 2061 416 2101 hoe
464 2074 569 2102 vcro
621 2065 852 2104 extraeium
908 2066 1130 2106 euidenter
1184 2067 1400 2119 oleosum,
1454 2070 1554 2111 olco
1601 2072 1736 2113 turfae

329 2125 542 2165 imbutum
593 2127 670 2176 est;
723 2128 944 2169 vstulatum
1000 2129 1134 2171 sumat
1184 2143 1227 2172 et
1276 2133 1498 2173 animalem
1552 2135 1734 2177 odorem

331 2188 483 2241 spargit
522 2202 542 2230 a
575 2192 764 2246 reliquiis
800 2193 1054 2235 insectorum
1092 2195 1184 2239 (nifi
1213 2210 1233 2236 a
1264 2195 1447 2249 latrinis)
1484 2199 1731 2241 oriundum.

329 2253 566 2294 Maximam
599 2266 763 2311 partem
798 2267 936 2299 tamen
972 2259 1223 2312 vegetabilis
1260 2260 1317 2301 est
1350 2261 1509 2303 indolis
1539 2273 1581 2304 et
1616 2265 1734 2306 cine-

921 2321 997 2363 Fs
1027 2335 1050 2360 2
1661 2341 1730 2370 res
