1971 2672
280 2144 354 2185 73-

741 160 904 182 ἶ---
935 144 1089 200 (210)

334 287 344 297 .
381 256 658 298 Interstitium
693 256 860 299 fibrinis
895 259 1111 313 repletum
1146 258 1277 300 solitis
1315 259 1572 300 transuerfis.

337 353 345 362 .
384 322 533 364 Fibrae
570 324 783 363 nefientes
822 323 1123 376 superficiales.

336 419 345 429 .
383 391 472 426 61.>
497 389 570 427 62.
605 387 735 428 Funis
772 388 1028 429 ramifcatus
1066 387 1210 442 (Tab.
1251 387 1283 427 Ι.
1320 400 1589 441 70.71.72.
1610 391 1717 444 73.)

338 482 346 492 .
383 451 584 494 Fibrillae
623 453 837 493 noeti-entes
875 451 1022 494 solitae
1062 452 1315 507 profundae.

386 516 534 558 Fibrae
583 518 797 557 nectentes
844 521 1102 559 transuersae
1148 517 1434 571 superficiales
1483 518 1526 557 in
1576 518 1819 560 ventriculo

403 581 581 633 sinistro,
620 595 727 637 quae
764 591 807 623 et
841 583 883 622 in
921 583 1094 624 fibrillas
1131 584 1273 637 paffim
1313 583 1429 624 abire
1463 583 1692 635 videntur,
1730 583 1825 624 bre·

401 659 508 698 ves,
561 647 745 699 crassae9
801 660 858 689 ex
892 647 1008 689 fibris
1048 648 1220 690 alterius
1257 648 1368 688 funis
1405 648 1448 688 in
1488 647 1658 689 alterius
1697 647 1824 689 fibras

403 712 692 752 continuatae.

342 805 352 815 .
394 778 468 814 66.
507 776 637 816 Funis
677 776 931 830 applicatus,
970 777 1043 831 qui
1082 776 1246 831 duplex
1266 778 1309 818 in
1332 778 1461 819 corde
1481 776 1615 832 priori
1634 777 1769 832 (Tab.
1790 776 1825 817 Ι.

407 848 480 883 81·
523 849 596 883 82·
638 849 708 887 83-
751 841 857 892 84.)

339 932 348 943 .
386 902 493 944 Eius
533 904 659 958 origo
697 905 925 958 praecipue
961 904 1011 946 ab
1050 914 1184 946 aorta.

340 997 350 1006 .
390 968 510 1008 Tum
551 977 594 1009 et
629 982 652 1010 a
688 969 892 1010 columna
929 970 1189 1024 triangulari.

340 1063 351 1073 .
388 1033 607 1076 Notabilis
665 1032 791 1075 fouea
844 1034 913 1075 seu
968 1035 1166 1089 spelunca
1207 1035 1319 1077 inter
1363 1049 1522 1078 conum
1575 1035 1825 1078 arteriosum

405 1097 490 1151 (C.
513 1097 601 1152 D.)
638 1107 682 1139 et
717 1097 866 1140 funem
902 1100 1163 1154 applicatum
1199 1101 1336 1155 (65.)
1375 1115 1481 1155 quae
1518 1113 1635 1143 retro
1665 1115 1825 1142 conum

404 1163 673 1204 dextrorsum
709 1165 932 1206 continuat
966 1175 1010 1205 et
1045 1166 1164 1206 cuius
1204 1166 1313 1207 funis
1350 1167 1572 1207 sinisterius
1595 1180 1715 1208 oram
1735 1166 1829 1208 effi-

405 1228 478 1269 cit.
546 1228 730 1269 Reflexo
766 1243 881 1271 cono
919 1229 1046 1271 fouea
1082 1232 1328 1273 continuata
1364 1242 1553 1287 apparet.

343 1323 354 1334 .
388 1292 601 1335 Foramen
638 1294 681 1334 in
718 1294 796 1337 hac
834 1293 963 1336 fouea
997 1308 1078 1349 pro
1113 1296 1257 1349 primo
1290 1311 1411 1338 ramo
1447 1297 1622 1338 arteriae
1644 1309 1828 1338 corona-

407 1358 491 1398 riae
530 1357 724 1398 sinistrae.

343 1450 354 1460 .
390 1421 592 1462 Fibriliae
629 1421 911 1476 superficiales
949 1423 1180 1463 nebientes.

345 1514 355 1524 .
394 1498 470 1537 71.
506 1487 630 1527 Rami
666 1487 778 1527 funis
815 1487 1028 1541 applicati.

346 1579 356 1589 .
393 1550 611 1592 Foueolae
633 1581 646 1603 ⁷
694 1551 861 1592 fibrinis
899 1550 1163 1592 nebientibus
1199 1550 1387 1605 repletae
1410 1581 1424 1605 .,
1461 1550 1579 1593 fibris
1616 1551 1826 1593 distinfiae

408 1615 616 1657 breuibus
648 1616 781 1657 craffis
817 1616 1101 1658 nectentibus.

344 1710 353 1720 .
392 1692 467 1730 75.
507 1695 581 1732 79.
618 1680 766 1722 Pontis
804 1682 929 1735 regio
964 1680 1108 1734 (Tab.
1145 1680 1179 1720 Ι.
1219 1690 1289 1732 37.
1332 1694 1403 1734 17.
1445 1694 1515 1734 17.
1557 1680 1660 1734 17.)

347 1774 356 1784 .
395 1757 468 1797 75.
506 1745 620 1787 Pons
659 1747 820 1799 primus
857 1746 1166 1800 imperfeffior.
1202 1745 1346 1796 (Tab.
1385 1745 1418 1785 Ι.
1460 1744 1563 1798 87.)

343 1840 351 1848 .
390 1808 568 1851 Caetera
603 1812 746 1865 pontis
783 1812 922 1866 regio,
960 1811 1029 1851 seu
1064 1823 1174 1864 pons
1213 1809 1436 1850 secundus.
1459 1809 1566 1861 (17.
1607 1823 1680 1863 17.
1721 1810 1823 1864 17.)

345 1903 354 1914 .
395 1888 469 1927 74.
508 1889 581 1927 75.
622 1891 696 1928 77.
734 1892 808 1928 79.
851 1887 925 1921 81.
964 1886 1035 1921 82.
1071 1874 1219 1915 Fibrae
1256 1874 1420 1914 ordinis
1457 1874 1597 1926 tertii,
1644 1889 1825 1929 procui·-

407 1949 527 1979 rente
564 1940 699 1993 longo
735 1941 971 1982 constantes
1006 1949 1050 1980 et
1083 1938 1218 1990 fibris,
1255 1939 1305 1979 ad
1341 1952 1440 1980 eum
1478 1940 1714 1994 applicatis„
1753 1954 1825 1980 or-

409 2014 474 2045 tae
510 2018 530 2045 a
568 2014 655 2045 tota
693 2007 834 2057 pontis
873 2007 1082 2059 regione,
1137 2003 1342 2045 concerno
1379 2005 1430 2045 ad
1464 2016 1824 2059 procurrentem,

406 2082 547 2124 eoque
584 2069 625 2108 in
663 2071 932 2111 terminalem
968 2069 1216 2110 inferiorem
1253 2069 1447 2110 insertae.

392 2147 466 2186 73.
506 2147 580 2187 73.
617 2135 779 2175 Funicu
804 2149 851 2183 us
888 2147 1144 2189 procurrens
1181 2134 1355 2188 longus,
1399 2147 1453 2175 ex
1490 2134 1682 2189 suprema
1717 2147 1827 2189 pon·

409 2200 461 2239 tis
508 2200 682 2254 regione
727 2200 901 2253 (73.).,
958 2200 1024 2239 cui
1070 2200 1303 2252 applicatus
1341 2199 1508 2240 accedit
1543 2201 1649 2255 (72.
1689 2203 1825 2254 ⁶9·)›

408 2276 544 2318 ortus,
582 2267 853 2306 continuatus
890 2265 941 2306 ad
978 2264 1215 2320 marginem
1249 2277 1405 2320 Vsque.

1743 2341 1818 2382 74·
